%YAML 1.1
%TAG !u! tag:unity3d.com,2011:
--- !u!1001 &100100000
Prefab:
  m_ObjectHideFlags: 1
  serializedVersion: 2
  m_Modification:
    m_TransformParent: {fileID: 0}
    m_Modifications: []
    m_RemovedComponents: []
  m_ParentPrefab: {fileID: 0}
  m_RootGameObject: {fileID: 1539761873304052}
  m_IsPrefabParent: 1
--- !u!1 &1021652227798116
GameObject:
  m_ObjectHideFlags: 1
  m_PrefabParentObject: {fileID: 0}
  m_PrefabInternal: {fileID: 100100000}
  serializedVersion: 5
  m_Component:
  - component: {fileID: 4593101164909760}
  - component: {fileID: 20131786674795206}
  - component: {fileID: 124012810006707578}
  - component: {fileID: 92289240389832894}
  m_Layer: 0
  m_Name: Camera_Texture
  m_TagString: Untagged
  m_Icon: {fileID: 0}
  m_NavMeshLayer: 0
  m_StaticEditorFlags: 0
  m_IsActive: 1
--- !u!1 &1109724979014356
GameObject:
  m_ObjectHideFlags: 1
  m_PrefabParentObject: {fileID: 0}
  m_PrefabInternal: {fileID: 100100000}
  serializedVersion: 5
  m_Component:
  - component: {fileID: 4030579470972282}
  - component: {fileID: 114078477617386908}
  - component: {fileID: 114828671924797334}
  m_Layer: 0
  m_Name: Reset
  m_TagString: Untagged
  m_Icon: {fileID: 0}
  m_NavMeshLayer: 0
  m_StaticEditorFlags: 0
  m_IsActive: 1
--- !u!1 &1155362715930450
GameObject:
  m_ObjectHideFlags: 1
  m_PrefabParentObject: {fileID: 0}
  m_PrefabInternal: {fileID: 100100000}
  serializedVersion: 5
  m_Component:
  - component: {fileID: 4232798802031914}
  - component: {fileID: 20081120439411736}
  - component: {fileID: 124601798332062148}
  - component: {fileID: 92440370856905080}
  m_Layer: 0
  m_Name: Camera_Depth
  m_TagString: Untagged
  m_Icon: {fileID: 0}
  m_NavMeshLayer: 0
  m_StaticEditorFlags: 0
  m_IsActive: 1
--- !u!1 &1168869304248178
GameObject:
  m_ObjectHideFlags: 1
  m_PrefabParentObject: {fileID: 0}
  m_PrefabInternal: {fileID: 100100000}
  serializedVersion: 5
  m_Component:
  - component: {fileID: 4945862128782646}
  m_Layer: 0
  m_Name: PlayerScanner_CameraBottom
  m_TagString: Untagged
  m_Icon: {fileID: 0}
  m_NavMeshLayer: 0
  m_StaticEditorFlags: 0
  m_IsActive: 1
--- !u!1 &1172190238928964
GameObject:
  m_ObjectHideFlags: 0
  m_PrefabParentObject: {fileID: 0}
  m_PrefabInternal: {fileID: 100100000}
  serializedVersion: 5
  m_Component:
  - component: {fileID: 4777849498965128}
  - component: {fileID: 114816730409892516}
  - component: {fileID: 114005227178497654}
  m_Layer: 0
  m_Name: ScannerCamera
  m_TagString: Untagged
  m_Icon: {fileID: 0}
  m_NavMeshLayer: 0
  m_StaticEditorFlags: 0
  m_IsActive: 0
--- !u!1 &1204632755655830
GameObject:
  m_ObjectHideFlags: 1
  m_PrefabParentObject: {fileID: 0}
  m_PrefabInternal: {fileID: 100100000}
  serializedVersion: 5
  m_Component:
  - component: {fileID: 4879759268656576}
  - component: {fileID: 33892625820737368}
  - component: {fileID: 23478695670286932}
  m_Layer: 0
  m_Name: Area
  m_TagString: Untagged
  m_Icon: {fileID: 0}
  m_NavMeshLayer: 0
  m_StaticEditorFlags: 0
  m_IsActive: 0
--- !u!1 &1250870672386118
GameObject:
  m_ObjectHideFlags: 1
  m_PrefabParentObject: {fileID: 0}
  m_PrefabInternal: {fileID: 100100000}
  serializedVersion: 5
  m_Component:
  - component: {fileID: 4587863943859502}
  m_Layer: 0
  m_Name: PlayerScanner_CameraLeft
  m_TagString: Untagged
  m_Icon: {fileID: 0}
  m_NavMeshLayer: 0
  m_StaticEditorFlags: 0
  m_IsActive: 1
--- !u!1 &1272659652990224
GameObject:
  m_ObjectHideFlags: 0
  m_PrefabParentObject: {fileID: 0}
  m_PrefabInternal: {fileID: 100100000}
  serializedVersion: 5
  m_Component:
  - component: {fileID: 4425244904761364}
  - component: {fileID: 65558598784288552}
  - component: {fileID: 23562272283761096}
  - component: {fileID: 114384894100911110}
  - component: {fileID: 114241375833111130}
  - component: {fileID: 114457764507840506}
  m_Layer: 0
  m_Name: Collider
  m_TagString: Untagged
  m_Icon: {fileID: 0}
  m_NavMeshLayer: 0
  m_StaticEditorFlags: 0
  m_IsActive: 0
--- !u!1 &1276453002039868
GameObject:
  m_ObjectHideFlags: 1
  m_PrefabParentObject: {fileID: 0}
  m_PrefabInternal: {fileID: 100100000}
  serializedVersion: 5
  m_Component:
  - component: {fileID: 4464712070816498}
  - component: {fileID: 20332349650277264}
  - component: {fileID: 124725847268173010}
  - component: {fileID: 92099884079882930}
  m_Layer: 0
  m_Name: Camera_Depth
  m_TagString: Untagged
  m_Icon: {fileID: 0}
  m_NavMeshLayer: 0
  m_StaticEditorFlags: 0
  m_IsActive: 1
--- !u!1 &1280846274553298
GameObject:
  m_ObjectHideFlags: 0
  m_PrefabParentObject: {fileID: 0}
  m_PrefabInternal: {fileID: 100100000}
  serializedVersion: 5
  m_Component:
  - component: {fileID: 4922268077420552}
  - component: {fileID: 33906651366122946}
  - component: {fileID: 23139078360735594}
  - component: {fileID: 114041768183768312}
  - component: {fileID: 114238003940831762}
  - component: {fileID: 114409467832056616}
  m_Layer: 0
  m_Name: JailStation
  m_TagString: Untagged
  m_Icon: {fileID: 0}
  m_NavMeshLayer: 0
  m_StaticEditorFlags: 0
  m_IsActive: 1
--- !u!1 &1298088933619150
GameObject:
  m_ObjectHideFlags: 1
  m_PrefabParentObject: {fileID: 0}
  m_PrefabInternal: {fileID: 100100000}
  serializedVersion: 5
  m_Component:
  - component: {fileID: 4764549612745944}
  m_Layer: 0
  m_Name: ExitPoint
  m_TagString: Untagged
  m_Icon: {fileID: 0}
  m_NavMeshLayer: 0
  m_StaticEditorFlags: 0
  m_IsActive: 1
--- !u!1 &1311075090178476
GameObject:
  m_ObjectHideFlags: 1
  m_PrefabParentObject: {fileID: 0}
  m_PrefabInternal: {fileID: 100100000}
  serializedVersion: 5
  m_Component:
  - component: {fileID: 4440004616535392}
  m_Layer: 0
  m_Name: PlayerScanner_CameraTop
  m_TagString: Untagged
  m_Icon: {fileID: 0}
  m_NavMeshLayer: 0
  m_StaticEditorFlags: 0
  m_IsActive: 1
--- !u!1 &1336402794894636
GameObject:
  m_ObjectHideFlags: 1
  m_PrefabParentObject: {fileID: 0}
  m_PrefabInternal: {fileID: 100100000}
  serializedVersion: 5
  m_Component:
  - component: {fileID: 4450330277773102}
  m_Layer: 0
  m_Name: PlayerScanner_CameraRight
  m_TagString: Untagged
  m_Icon: {fileID: 0}
  m_NavMeshLayer: 0
  m_StaticEditorFlags: 0
  m_IsActive: 1
--- !u!1 &1341904823428572
GameObject:
  m_ObjectHideFlags: 1
  m_PrefabParentObject: {fileID: 0}
  m_PrefabInternal: {fileID: 100100000}
  serializedVersion: 5
  m_Component:
  - component: {fileID: 4409810058776682}
  - component: {fileID: 114755540707216764}
  - component: {fileID: 114257165098316658}
  - component: {fileID: 114780049006955716}
  m_Layer: 0
  m_Name: OwnerTrriger
  m_TagString: Untagged
  m_Icon: {fileID: 0}
  m_NavMeshLayer: 0
  m_StaticEditorFlags: 0
  m_IsActive: 0
--- !u!1 &1359270118518850
GameObject:
  m_ObjectHideFlags: 0
  m_PrefabParentObject: {fileID: 0}
  m_PrefabInternal: {fileID: 100100000}
  serializedVersion: 5
  m_Component:
  - component: {fileID: 4428379459650062}
  m_Layer: 0
  m_Name: Operation
  m_TagString: Untagged
  m_Icon: {fileID: 0}
  m_NavMeshLayer: 0
  m_StaticEditorFlags: 0
  m_IsActive: 1
--- !u!1 &1382602663636220
GameObject:
  m_ObjectHideFlags: 1
  m_PrefabParentObject: {fileID: 0}
  m_PrefabInternal: {fileID: 100100000}
  serializedVersion: 5
  m_Component:
  - component: {fileID: 4191719219505330}
  - component: {fileID: 20509455370663656}
  - component: {fileID: 124929256570404518}
  - component: {fileID: 92805586367181910}
  m_Layer: 0
  m_Name: Camera_Depth
  m_TagString: Untagged
  m_Icon: {fileID: 0}
  m_NavMeshLayer: 0
  m_StaticEditorFlags: 0
  m_IsActive: 1
--- !u!1 &1419806634033916
GameObject:
  m_ObjectHideFlags: 1
  m_PrefabParentObject: {fileID: 0}
  m_PrefabInternal: {fileID: 100100000}
  serializedVersion: 5
  m_Component:
  - component: {fileID: 4112685321022844}
  - component: {fileID: 20683540864976026}
  - component: {fileID: 124196036422984172}
  - component: {fileID: 92514038254540684}
  m_Layer: 0
  m_Name: Camera_Texture
  m_TagString: Untagged
  m_Icon: {fileID: 0}
  m_NavMeshLayer: 0
  m_StaticEditorFlags: 0
  m_IsActive: 1
--- !u!1 &1441397617862390
GameObject:
  m_ObjectHideFlags: 1
  m_PrefabParentObject: {fileID: 0}
  m_PrefabInternal: {fileID: 100100000}
  serializedVersion: 5
  m_Component:
  - component: {fileID: 4086247972759040}
  - component: {fileID: 20465471163957010}
  - component: {fileID: 124432787591500540}
  - component: {fileID: 92625666184383620}
  m_Layer: 0
  m_Name: Camera_Texture
  m_TagString: Untagged
  m_Icon: {fileID: 0}
  m_NavMeshLayer: 0
  m_StaticEditorFlags: 0
  m_IsActive: 1
--- !u!1 &1458008518965688
GameObject:
  m_ObjectHideFlags: 1
  m_PrefabParentObject: {fileID: 0}
  m_PrefabInternal: {fileID: 100100000}
  serializedVersion: 5
  m_Component:
  - component: {fileID: 4863042652522946}
  - component: {fileID: 20357933652490154}
  - component: {fileID: 124210900870198720}
  - component: {fileID: 92335353074106166}
  m_Layer: 0
  m_Name: Camera_Texture
  m_TagString: Untagged
  m_Icon: {fileID: 0}
  m_NavMeshLayer: 0
  m_StaticEditorFlags: 0
  m_IsActive: 1
--- !u!1 &1473135271020368
GameObject:
  m_ObjectHideFlags: 1
  m_PrefabParentObject: {fileID: 0}
  m_PrefabInternal: {fileID: 100100000}
  serializedVersion: 5
  m_Component:
  - component: {fileID: 4192087179705788}
  m_Layer: 0
  m_Name: PlayerScanner_CameraBack
  m_TagString: Untagged
  m_Icon: {fileID: 0}
  m_NavMeshLayer: 0
  m_StaticEditorFlags: 0
  m_IsActive: 1
--- !u!1 &1503934251037676
GameObject:
  m_ObjectHideFlags: 1
  m_PrefabParentObject: {fileID: 0}
  m_PrefabInternal: {fileID: 100100000}
  serializedVersion: 5
  m_Component:
  - component: {fileID: 4858749435391558}
  - component: {fileID: 20179283009888070}
  - component: {fileID: 124789544347292788}
  - component: {fileID: 92520219398899696}
  m_Layer: 0
  m_Name: Camera_Texture
  m_TagString: Untagged
  m_Icon: {fileID: 0}
  m_NavMeshLayer: 0
  m_StaticEditorFlags: 0
  m_IsActive: 1
--- !u!1 &1510736394489820
GameObject:
  m_ObjectHideFlags: 0
  m_PrefabParentObject: {fileID: 0}
  m_PrefabInternal: {fileID: 100100000}
  serializedVersion: 5
  m_Component:
  - component: {fileID: 4457426651120086}
  - component: {fileID: 114703609442092314}
  - component: {fileID: 65348876007712174}
  m_Layer: 0
  m_Name: Volume0
  m_TagString: Untagged
  m_Icon: {fileID: 0}
  m_NavMeshLayer: 0
  m_StaticEditorFlags: 0
  m_IsActive: 1
--- !u!1 &1539761873304052
GameObject:
  m_ObjectHideFlags: 0
  m_PrefabParentObject: {fileID: 0}
  m_PrefabInternal: {fileID: 100100000}
  serializedVersion: 5
  m_Component:
  - component: {fileID: 4218451602935888}
  - component: {fileID: 114642131153332150}
  - component: {fileID: 114372549672877024}
  - component: {fileID: 114126259278799624}
  - component: {fileID: 114708451430900926}
  - component: {fileID: 54529538529021048}
  - component: {fileID: 114667521757043180}
  - component: {fileID: 111271263776461708}
  - component: {fileID: 65461922499314386}
  m_Layer: 13
  m_Name: MarchingCubeScanner
  m_TagString: Untagged
  m_Icon: {fileID: 0}
  m_NavMeshLayer: 0
  m_StaticEditorFlags: 0
  m_IsActive: 1
--- !u!1 &1542436910497584
GameObject:
  m_ObjectHideFlags: 1
  m_PrefabParentObject: {fileID: 0}
  m_PrefabInternal: {fileID: 100100000}
  serializedVersion: 5
  m_Component:
  - component: {fileID: 4655905987466160}
  - component: {fileID: 20614632696080592}
  - component: {fileID: 124669261568270152}
  - component: {fileID: 92213856234200920}
  m_Layer: 0
  m_Name: Camera_Depth
  m_TagString: Untagged
  m_Icon: {fileID: 0}
  m_NavMeshLayer: 0
  m_StaticEditorFlags: 0
  m_IsActive: 1
--- !u!1 &1592720054365874
GameObject:
  m_ObjectHideFlags: 0
  m_PrefabParentObject: {fileID: 0}
  m_PrefabInternal: {fileID: 100100000}
  serializedVersion: 5
  m_Component:
  - component: {fileID: 4465706753892194}
  - component: {fileID: 33171628705619450}
  - component: {fileID: 23736932186374716}
  m_Layer: 0
  m_Name: ScanArea
  m_TagString: Untagged
  m_Icon: {fileID: 0}
  m_NavMeshLayer: 0
  m_StaticEditorFlags: 0
  m_IsActive: 1
--- !u!1 &1646780687455062
GameObject:
  m_ObjectHideFlags: 1
  m_PrefabParentObject: {fileID: 0}
  m_PrefabInternal: {fileID: 100100000}
  serializedVersion: 5
  m_Component:
  - component: {fileID: 4552781013926984}
  - component: {fileID: 114866533259432980}
  - component: {fileID: 114601471258401616}
  m_Layer: 0
  m_Name: TakeOwnerShip
  m_TagString: Untagged
  m_Icon: {fileID: 0}
  m_NavMeshLayer: 0
  m_StaticEditorFlags: 0
  m_IsActive: 1
--- !u!1 &1667230005245918
GameObject:
  m_ObjectHideFlags: 1
  m_PrefabParentObject: {fileID: 0}
  m_PrefabInternal: {fileID: 100100000}
  serializedVersion: 5
  m_Component:
  - component: {fileID: 4894682808703758}
  - component: {fileID: 20728249078662740}
  - component: {fileID: 124962475372293406}
  - component: {fileID: 92532400245149084}
  m_Layer: 0
  m_Name: Camera_Depth
  m_TagString: Untagged
  m_Icon: {fileID: 0}
  m_NavMeshLayer: 0
  m_StaticEditorFlags: 0
  m_IsActive: 1
--- !u!1 &1711867974489962
GameObject:
  m_ObjectHideFlags: 1
  m_PrefabParentObject: {fileID: 0}
  m_PrefabInternal: {fileID: 100100000}
  serializedVersion: 5
  m_Component:
  - component: {fileID: 4122283346893892}
  m_Layer: 0
  m_Name: EnterPoint
  m_TagString: Untagged
  m_Icon: {fileID: 0}
  m_NavMeshLayer: 0
  m_StaticEditorFlags: 0
  m_IsActive: 1
--- !u!1 &1844271850893768
GameObject:
  m_ObjectHideFlags: 1
  m_PrefabParentObject: {fileID: 0}
  m_PrefabInternal: {fileID: 100100000}
  serializedVersion: 5
  m_Component:
  - component: {fileID: 4175832179160016}
  - component: {fileID: 20699159816866788}
  - component: {fileID: 124011543344899122}
  - component: {fileID: 92508321789434268}
  m_Layer: 0
  m_Name: Camera_Depth
  m_TagString: Untagged
  m_Icon: {fileID: 0}
  m_NavMeshLayer: 0
  m_StaticEditorFlags: 0
  m_IsActive: 1
--- !u!1 &1903897310328306
GameObject:
  m_ObjectHideFlags: 1
  m_PrefabParentObject: {fileID: 0}
  m_PrefabInternal: {fileID: 100100000}
  serializedVersion: 5
  m_Component:
  - component: {fileID: 4912121470852472}
  m_Layer: 0
  m_Name: PlayerScanner_CameraFront
  m_TagString: Untagged
  m_Icon: {fileID: 0}
  m_NavMeshLayer: 0
  m_StaticEditorFlags: 0
  m_IsActive: 1
--- !u!1 &1928780606718614
GameObject:
  m_ObjectHideFlags: 0
  m_PrefabParentObject: {fileID: 0}
  m_PrefabInternal: {fileID: 100100000}
  serializedVersion: 5
  m_Component:
  - component: {fileID: 4115015197192680}
  - component: {fileID: 33150338109747512}
  - component: {fileID: 23838032802636360}
  - component: {fileID: 114397540308676262}
  - component: {fileID: 114792686289067992}
  - component: {fileID: 95540368519952678}
  m_Layer: 11
  m_Name: MarchingCubeProjection
  m_TagString: Untagged
  m_Icon: {fileID: 0}
  m_NavMeshLayer: 0
  m_StaticEditorFlags: 0
  m_IsActive: 0
--- !u!1 &1930097133223114
GameObject:
  m_ObjectHideFlags: 1
  m_PrefabParentObject: {fileID: 0}
  m_PrefabInternal: {fileID: 100100000}
  serializedVersion: 5
  m_Component:
  - component: {fileID: 4181952983017216}
  - component: {fileID: 20727349821695548}
  - component: {fileID: 124010707814164298}
  - component: {fileID: 92819482562627950}
  m_Layer: 0
  m_Name: Camera_Texture
  m_TagString: Untagged
  m_Icon: {fileID: 0}
  m_NavMeshLayer: 0
  m_StaticEditorFlags: 0
  m_IsActive: 1
--- !u!4 &4030579470972282
Transform:
  m_ObjectHideFlags: 1
  m_PrefabParentObject: {fileID: 0}
  m_PrefabInternal: {fileID: 100100000}
  m_GameObject: {fileID: 1109724979014356}
  m_LocalRotation: {x: -0, y: -0, z: -0, w: 1}
  m_LocalPosition: {x: 0, y: 0, z: 0}
  m_LocalScale: {x: 0.19999999, y: 0.19999999, z: 0.19999999}
  m_Children: []
  m_Father: {fileID: 4428379459650062}
  m_RootOrder: 1
  m_LocalEulerAnglesHint: {x: 0, y: 0, z: 0}
--- !u!4 &4086247972759040
Transform:
  m_ObjectHideFlags: 1
  m_PrefabParentObject: {fileID: 0}
  m_PrefabInternal: {fileID: 100100000}
  m_GameObject: {fileID: 1441397617862390}
  m_LocalRotation: {x: 0.7071068, y: 0, z: 0, w: 0.7071068}
  m_LocalPosition: {x: 0, y: 0, z: 0}
  m_LocalScale: {x: 1, y: 1, z: 1}
  m_Children: []
  m_Father: {fileID: 4192087179705788}
  m_RootOrder: 0
  m_LocalEulerAnglesHint: {x: 90, y: 0, z: 0}
--- !u!4 &4112685321022844
Transform:
  m_ObjectHideFlags: 1
  m_PrefabParentObject: {fileID: 0}
  m_PrefabInternal: {fileID: 100100000}
  m_GameObject: {fileID: 1419806634033916}
  m_LocalRotation: {x: 0.7071068, y: 0, z: 0, w: 0.7071068}
  m_LocalPosition: {x: 0, y: 0, z: 0}
  m_LocalScale: {x: 1, y: 1, z: 1}
  m_Children: []
  m_Father: {fileID: 4450330277773102}
  m_RootOrder: 0
  m_LocalEulerAnglesHint: {x: 90, y: 0, z: 0}
--- !u!4 &4115015197192680
Transform:
  m_ObjectHideFlags: 1
  m_PrefabParentObject: {fileID: 0}
  m_PrefabInternal: {fileID: 100100000}
  m_GameObject: {fileID: 1928780606718614}
  m_LocalRotation: {x: -0, y: -0, z: -0, w: 1}
  m_LocalPosition: {x: 0, y: 0, z: 0}
  m_LocalScale: {x: 2, y: 2, z: 2}
  m_Children: []
  m_Father: {fileID: 4218451602935888}
  m_RootOrder: 3
  m_LocalEulerAnglesHint: {x: 0, y: 0, z: 0}
--- !u!4 &4122283346893892
Transform:
  m_ObjectHideFlags: 1
  m_PrefabParentObject: {fileID: 0}
  m_PrefabInternal: {fileID: 100100000}
  m_GameObject: {fileID: 1711867974489962}
  m_LocalRotation: {x: 0.7071068, y: 0, z: 0, w: 0.7071068}
  m_LocalPosition: {x: 0, y: 0, z: 0.5}
  m_LocalScale: {x: 1, y: 1, z: 1}
  m_Children: []
  m_Father: {fileID: 4922268077420552}
  m_RootOrder: 0
  m_LocalEulerAnglesHint: {x: 90, y: 0, z: 0}
--- !u!4 &4175832179160016
Transform:
  m_ObjectHideFlags: 1
  m_PrefabParentObject: {fileID: 0}
  m_PrefabInternal: {fileID: 100100000}
  m_GameObject: {fileID: 1844271850893768}
  m_LocalRotation: {x: 0.7071068, y: -0, z: -0, w: 0.7071068}
  m_LocalPosition: {x: 0, y: 0, z: 0}
  m_LocalScale: {x: 1, y: 1.0000005, z: 1.0000005}
  m_Children: []
  m_Father: {fileID: 4450330277773102}
  m_RootOrder: 1
  m_LocalEulerAnglesHint: {x: 90, y: 0, z: 0}
--- !u!4 &4181952983017216
Transform:
  m_ObjectHideFlags: 1
  m_PrefabParentObject: {fileID: 0}
  m_PrefabInternal: {fileID: 100100000}
  m_GameObject: {fileID: 1930097133223114}
  m_LocalRotation: {x: 0.7071068, y: 0, z: 0, w: 0.7071068}
  m_LocalPosition: {x: 0, y: 0, z: 0}
  m_LocalScale: {x: 1, y: 1, z: 1}
  m_Children: []
  m_Father: {fileID: 4440004616535392}
  m_RootOrder: 0
  m_LocalEulerAnglesHint: {x: 90, y: 0, z: 0}
--- !u!4 &4191719219505330
Transform:
  m_ObjectHideFlags: 1
  m_PrefabParentObject: {fileID: 0}
  m_PrefabInternal: {fileID: 100100000}
  m_GameObject: {fileID: 1382602663636220}
  m_LocalRotation: {x: 0.7071068, y: -0, z: -0, w: 0.7071068}
  m_LocalPosition: {x: 0, y: 0, z: 0}
  m_LocalScale: {x: 1, y: 1.0000005, z: 1.0000005}
  m_Children: []
  m_Father: {fileID: 4945862128782646}
  m_RootOrder: 1
  m_LocalEulerAnglesHint: {x: 90, y: 0, z: 0}
--- !u!4 &4192087179705788
Transform:
  m_ObjectHideFlags: 1
  m_PrefabParentObject: {fileID: 0}
  m_PrefabInternal: {fileID: 100100000}
  m_GameObject: {fileID: 1473135271020368}
  m_LocalRotation: {x: -0, y: 0.7071068, z: 0.7071068, w: 0}
  m_LocalPosition: {x: 0, y: 0, z: 1}
  m_LocalScale: {x: 1, y: 1, z: 1}
  m_Children:
  - {fileID: 4086247972759040}
  - {fileID: 4464712070816498}
  m_Father: {fileID: 4777849498965128}
  m_RootOrder: 3
  m_LocalEulerAnglesHint: {x: -90, y: 180, z: 0}
--- !u!4 &4218451602935888
Transform:
  m_ObjectHideFlags: 1
  m_PrefabParentObject: {fileID: 0}
  m_PrefabInternal: {fileID: 100100000}
  m_GameObject: {fileID: 1539761873304052}
  m_LocalRotation: {x: -0, y: -0, z: -0, w: 1}
  m_LocalPosition: {x: 0, y: 0, z: 0}
  m_LocalScale: {x: 1, y: 1, z: 1}
  m_Children:
  - {fileID: 4465706753892194}
  - {fileID: 4777849498965128}
  - {fileID: 4425244904761364}
  - {fileID: 4115015197192680}
  - {fileID: 4457426651120086}
  - {fileID: 4922268077420552}
  - {fileID: 4428379459650062}
  m_Father: {fileID: 0}
  m_RootOrder: 0
  m_LocalEulerAnglesHint: {x: 0, y: 0, z: 0}
--- !u!4 &4232798802031914
Transform:
  m_ObjectHideFlags: 1
  m_PrefabParentObject: {fileID: 0}
  m_PrefabInternal: {fileID: 100100000}
  m_GameObject: {fileID: 1155362715930450}
  m_LocalRotation: {x: 0.7071068, y: -0, z: -0, w: 0.7071068}
  m_LocalPosition: {x: 0, y: 0, z: 0}
  m_LocalScale: {x: 1, y: 1.0000005, z: 1.0000005}
  m_Children: []
  m_Father: {fileID: 4440004616535392}
  m_RootOrder: 1
  m_LocalEulerAnglesHint: {x: 90, y: 0, z: 0}
--- !u!4 &4409810058776682
Transform:
  m_ObjectHideFlags: 1
  m_PrefabParentObject: {fileID: 0}
  m_PrefabInternal: {fileID: 100100000}
  m_GameObject: {fileID: 1341904823428572}
  m_LocalRotation: {x: -0, y: -0, z: -0, w: 1}
  m_LocalPosition: {x: 0, y: 0, z: 0}
  m_LocalScale: {x: 0.19999999, y: 0.19999999, z: 0.19999999}
  m_Children: []
  m_Father: {fileID: 4428379459650062}
  m_RootOrder: 0
  m_LocalEulerAnglesHint: {x: 0, y: 0, z: 0}
--- !u!4 &4425244904761364
Transform:
  m_ObjectHideFlags: 1
  m_PrefabParentObject: {fileID: 0}
  m_PrefabInternal: {fileID: 100100000}
  m_GameObject: {fileID: 1272659652990224}
  m_LocalRotation: {x: -0, y: -0, z: -0, w: 1}
  m_LocalPosition: {x: 0, y: 0, z: 0}
  m_LocalScale: {x: 2, y: 2, z: 2}
  m_Children: []
  m_Father: {fileID: 4218451602935888}
  m_RootOrder: 2
  m_LocalEulerAnglesHint: {x: 0, y: 0, z: 0}
--- !u!4 &4428379459650062
Transform:
  m_ObjectHideFlags: 1
  m_PrefabParentObject: {fileID: 0}
  m_PrefabInternal: {fileID: 100100000}
  m_GameObject: {fileID: 1359270118518850}
  m_LocalRotation: {x: 0, y: 0, z: 0, w: 1}
  m_LocalPosition: {x: 0, y: 0, z: 0}
  m_LocalScale: {x: 1, y: 1, z: 1}
  m_Children:
  - {fileID: 4409810058776682}
  - {fileID: 4030579470972282}
  - {fileID: 4552781013926984}
  m_Father: {fileID: 4218451602935888}
  m_RootOrder: 6
  m_LocalEulerAnglesHint: {x: 0, y: 0, z: 0}
--- !u!4 &4440004616535392
Transform:
  m_ObjectHideFlags: 1
  m_PrefabParentObject: {fileID: 0}
  m_PrefabInternal: {fileID: 100100000}
  m_GameObject: {fileID: 1311075090178476}
  m_LocalRotation: {x: -0, y: -0, z: -0, w: 1}
  m_LocalPosition: {x: 0, y: 1, z: 0}
  m_LocalScale: {x: 1, y: 1, z: 1}
  m_Children:
  - {fileID: 4181952983017216}
  - {fileID: 4232798802031914}
  m_Father: {fileID: 4777849498965128}
  m_RootOrder: 0
  m_LocalEulerAnglesHint: {x: 0, y: 0, z: 0}
--- !u!4 &4450330277773102
Transform:
  m_ObjectHideFlags: 1
  m_PrefabParentObject: {fileID: 0}
  m_PrefabInternal: {fileID: 100100000}
  m_GameObject: {fileID: 1336402794894636}
  m_LocalRotation: {x: -0.5, y: -0.5, z: -0.5, w: 0.5}
  m_LocalPosition: {x: 1, y: 0, z: 0}
  m_LocalScale: {x: 1, y: 1, z: 1}
  m_Children:
  - {fileID: 4112685321022844}
  - {fileID: 4175832179160016}
  m_Father: {fileID: 4777849498965128}
  m_RootOrder: 4
  m_LocalEulerAnglesHint: {x: -90, y: -90, z: 0}
--- !u!4 &4457426651120086
Transform:
  m_ObjectHideFlags: 1
  m_PrefabParentObject: {fileID: 0}
  m_PrefabInternal: {fileID: 100100000}
  m_GameObject: {fileID: 1510736394489820}
  m_LocalRotation: {x: -0, y: -0, z: -0, w: 1}
  m_LocalPosition: {x: -0, y: 0, z: 0}
  m_LocalScale: {x: 1, y: 1, z: 1}
  m_Children:
  - {fileID: 4879759268656576}
  m_Father: {fileID: 4218451602935888}
  m_RootOrder: 4
  m_LocalEulerAnglesHint: {x: 90, y: 0, z: 0}
--- !u!4 &4464712070816498
Transform:
  m_ObjectHideFlags: 1
  m_PrefabParentObject: {fileID: 0}
  m_PrefabInternal: {fileID: 100100000}
  m_GameObject: {fileID: 1276453002039868}
  m_LocalRotation: {x: 0.7071068, y: -0, z: -0, w: 0.7071068}
  m_LocalPosition: {x: 0, y: 0, z: 0}
  m_LocalScale: {x: 1, y: 1.0000005, z: 1.0000005}
  m_Children: []
  m_Father: {fileID: 4192087179705788}
  m_RootOrder: 1
  m_LocalEulerAnglesHint: {x: 90, y: 0, z: 0}
--- !u!4 &4465706753892194
Transform:
  m_ObjectHideFlags: 1
  m_PrefabParentObject: {fileID: 0}
  m_PrefabInternal: {fileID: 100100000}
  m_GameObject: {fileID: 1592720054365874}
  m_LocalRotation: {x: 0, y: 0, z: 0, w: 1}
  m_LocalPosition: {x: 0, y: 0, z: 0}
  m_LocalScale: {x: 2, y: 2, z: 2}
  m_Children: []
  m_Father: {fileID: 4218451602935888}
  m_RootOrder: 0
  m_LocalEulerAnglesHint: {x: 0, y: 0, z: 0}
--- !u!4 &4552781013926984
Transform:
  m_ObjectHideFlags: 1
  m_PrefabParentObject: {fileID: 0}
  m_PrefabInternal: {fileID: 100100000}
  m_GameObject: {fileID: 1646780687455062}
  m_LocalRotation: {x: -0, y: -0, z: -0, w: 1}
  m_LocalPosition: {x: 0, y: 0, z: 0}
  m_LocalScale: {x: 0.19999999, y: 0.19999999, z: 0.19999999}
  m_Children: []
  m_Father: {fileID: 4428379459650062}
  m_RootOrder: 2
  m_LocalEulerAnglesHint: {x: 0, y: 0, z: 0}
--- !u!4 &4587863943859502
Transform:
  m_ObjectHideFlags: 1
  m_PrefabParentObject: {fileID: 0}
  m_PrefabInternal: {fileID: 100100000}
  m_GameObject: {fileID: 1250870672386118}
  m_LocalRotation: {x: -0.5, y: 0.5, z: 0.5, w: 0.5}
  m_LocalPosition: {x: -1, y: 0, z: 0}
  m_LocalScale: {x: 1, y: 1, z: 1}
  m_Children:
  - {fileID: 4593101164909760}
  - {fileID: 4655905987466160}
  m_Father: {fileID: 4777849498965128}
  m_RootOrder: 5
  m_LocalEulerAnglesHint: {x: -90, y: 90, z: 0}
--- !u!4 &4593101164909760
Transform:
  m_ObjectHideFlags: 1
  m_PrefabParentObject: {fileID: 0}
  m_PrefabInternal: {fileID: 100100000}
  m_GameObject: {fileID: 1021652227798116}
  m_LocalRotation: {x: 0.7071068, y: 0, z: 0, w: 0.7071068}
  m_LocalPosition: {x: 0, y: 0, z: 0}
  m_LocalScale: {x: 1, y: 1, z: 1}
  m_Children: []
  m_Father: {fileID: 4587863943859502}
  m_RootOrder: 0
  m_LocalEulerAnglesHint: {x: 90, y: 0, z: 0}
--- !u!4 &4655905987466160
Transform:
  m_ObjectHideFlags: 1
  m_PrefabParentObject: {fileID: 0}
  m_PrefabInternal: {fileID: 100100000}
  m_GameObject: {fileID: 1542436910497584}
  m_LocalRotation: {x: 0.7071068, y: -0, z: -0, w: 0.7071068}
  m_LocalPosition: {x: 0, y: 0, z: 0}
  m_LocalScale: {x: 1, y: 1.0000005, z: 1.0000005}
  m_Children: []
  m_Father: {fileID: 4587863943859502}
  m_RootOrder: 1
  m_LocalEulerAnglesHint: {x: 90, y: 0, z: 0}
--- !u!4 &4764549612745944
Transform:
  m_ObjectHideFlags: 1
  m_PrefabParentObject: {fileID: 0}
  m_PrefabInternal: {fileID: 100100000}
  m_GameObject: {fileID: 1298088933619150}
  m_LocalRotation: {x: 0.7071068, y: 0, z: 0, w: 0.7071068}
  m_LocalPosition: {x: 0, y: 0, z: 0.5}
  m_LocalScale: {x: 1, y: 1, z: 1}
  m_Children: []
  m_Father: {fileID: 4922268077420552}
  m_RootOrder: 1
  m_LocalEulerAnglesHint: {x: 90, y: 0, z: 0}
--- !u!4 &4777849498965128
Transform:
  m_ObjectHideFlags: 1
  m_PrefabParentObject: {fileID: 0}
  m_PrefabInternal: {fileID: 100100000}
  m_GameObject: {fileID: 1172190238928964}
  m_LocalRotation: {x: 0, y: 0, z: 0, w: 1}
  m_LocalPosition: {x: 0, y: 0, z: 0}
  m_LocalScale: {x: 1, y: 1, z: 1}
  m_Children:
  - {fileID: 4440004616535392}
  - {fileID: 4945862128782646}
  - {fileID: 4912121470852472}
  - {fileID: 4192087179705788}
  - {fileID: 4450330277773102}
  - {fileID: 4587863943859502}
  m_Father: {fileID: 4218451602935888}
  m_RootOrder: 1
  m_LocalEulerAnglesHint: {x: 0, y: 0, z: 0}
--- !u!4 &4858749435391558
Transform:
  m_ObjectHideFlags: 1
  m_PrefabParentObject: {fileID: 0}
  m_PrefabInternal: {fileID: 100100000}
  m_GameObject: {fileID: 1503934251037676}
  m_LocalRotation: {x: 0.7071068, y: 0, z: 0, w: 0.7071068}
  m_LocalPosition: {x: 0, y: 0, z: 0}
  m_LocalScale: {x: 1, y: 1, z: 1}
  m_Children: []
  m_Father: {fileID: 4912121470852472}
  m_RootOrder: 0
  m_LocalEulerAnglesHint: {x: 90, y: 0, z: 0}
--- !u!4 &4863042652522946
Transform:
  m_ObjectHideFlags: 1
  m_PrefabParentObject: {fileID: 0}
  m_PrefabInternal: {fileID: 100100000}
  m_GameObject: {fileID: 1458008518965688}
  m_LocalRotation: {x: 0.7071068, y: 0, z: 0, w: 0.7071068}
  m_LocalPosition: {x: 0, y: 0, z: 0}
  m_LocalScale: {x: 1, y: 1, z: 1}
  m_Children: []
  m_Father: {fileID: 4945862128782646}
  m_RootOrder: 0
  m_LocalEulerAnglesHint: {x: 90, y: 0, z: 0}
--- !u!4 &4879759268656576
Transform:
  m_ObjectHideFlags: 1
  m_PrefabParentObject: {fileID: 0}
  m_PrefabInternal: {fileID: 100100000}
  m_GameObject: {fileID: 1204632755655830}
  m_LocalRotation: {x: -0, y: -0, z: -0, w: 1}
  m_LocalPosition: {x: 0, y: 0, z: 0}
  m_LocalScale: {x: 2, y: 2, z: 2}
  m_Children: []
  m_Father: {fileID: 4457426651120086}
  m_RootOrder: 0
  m_LocalEulerAnglesHint: {x: 0, y: 0, z: 0}
--- !u!4 &4894682808703758
Transform:
  m_ObjectHideFlags: 1
  m_PrefabParentObject: {fileID: 0}
  m_PrefabInternal: {fileID: 100100000}
  m_GameObject: {fileID: 1667230005245918}
  m_LocalRotation: {x: 0.7071068, y: -0, z: -0, w: 0.7071068}
  m_LocalPosition: {x: 0, y: 0, z: 0}
  m_LocalScale: {x: 1, y: 1.0000005, z: 1.0000005}
  m_Children: []
  m_Father: {fileID: 4912121470852472}
  m_RootOrder: 1
  m_LocalEulerAnglesHint: {x: 90, y: 0, z: 0}
--- !u!4 &4912121470852472
Transform:
  m_ObjectHideFlags: 1
  m_PrefabParentObject: {fileID: 0}
  m_PrefabInternal: {fileID: 100100000}
  m_GameObject: {fileID: 1903897310328306}
  m_LocalRotation: {x: -0.7071068, y: -0, z: -0, w: 0.7071068}
  m_LocalPosition: {x: 0, y: 0, z: -1}
  m_LocalScale: {x: 1, y: 1, z: 1}
  m_Children:
  - {fileID: 4858749435391558}
  - {fileID: 4894682808703758}
  m_Father: {fileID: 4777849498965128}
  m_RootOrder: 2
  m_LocalEulerAnglesHint: {x: -90, y: 0, z: 0}
--- !u!4 &4922268077420552
Transform:
  m_ObjectHideFlags: 1
  m_PrefabParentObject: {fileID: 0}
  m_PrefabInternal: {fileID: 100100000}
  m_GameObject: {fileID: 1280846274553298}
  m_LocalRotation: {x: -0.7071068, y: 0, z: 0, w: 0.7071068}
  m_LocalPosition: {x: 0, y: -1, z: 0}
  m_LocalScale: {x: 1, y: 1, z: 1}
  m_Children:
  - {fileID: 4122283346893892}
  - {fileID: 4764549612745944}
  m_Father: {fileID: 4218451602935888}
  m_RootOrder: 5
  m_LocalEulerAnglesHint: {x: -90, y: 0, z: 0}
--- !u!4 &4945862128782646
Transform:
  m_ObjectHideFlags: 1
  m_PrefabParentObject: {fileID: 0}
  m_PrefabInternal: {fileID: 100100000}
  m_GameObject: {fileID: 1168869304248178}
  m_LocalRotation: {x: -0, y: -0, z: 1, w: 0.00000028088027}
  m_LocalPosition: {x: 0, y: -1, z: 0}
  m_LocalScale: {x: 1, y: 1, z: 1}
  m_Children:
  - {fileID: 4863042652522946}
  - {fileID: 4191719219505330}
  m_Father: {fileID: 4777849498965128}
  m_RootOrder: 1
  m_LocalEulerAnglesHint: {x: 0, y: 0, z: 179.99998}
--- !u!20 &20081120439411736
Camera:
  m_ObjectHideFlags: 1
  m_PrefabParentObject: {fileID: 0}
  m_PrefabInternal: {fileID: 100100000}
  m_GameObject: {fileID: 1155362715930450}
  m_Enabled: 1
  serializedVersion: 2
  m_ClearFlags: 2
  m_BackGroundColor: {r: 0, g: 0, b: 0, a: 0}
  m_NormalizedViewPortRect:
    serializedVersion: 2
    x: 0
    y: 0
    width: 1
    height: 1
  near clip plane: 0.01
  far clip plane: 1.99
  field of view: 60
  orthographic: 1
  orthographic size: 1
  m_Depth: 0
  m_CullingMask:
    serializedVersion: 2
    m_Bits: 262657
  m_RenderingPath: -1
  m_TargetTexture: {fileID: 8400000, guid: 613e91e13609b1e42a0d1977180bba47, type: 2}
  m_TargetDisplay: 0
  m_TargetEye: 3
  m_HDR: 0
  m_AllowMSAA: 1
  m_AllowDynamicResolution: 0
  m_ForceIntoRT: 0
  m_OcclusionCulling: 0
  m_StereoConvergence: 10
  m_StereoSeparation: 0.022
--- !u!20 &20131786674795206
Camera:
  m_ObjectHideFlags: 1
  m_PrefabParentObject: {fileID: 0}
  m_PrefabInternal: {fileID: 100100000}
  m_GameObject: {fileID: 1021652227798116}
  m_Enabled: 1
  serializedVersion: 2
  m_ClearFlags: 2
  m_BackGroundColor: {r: 0, g: 0, b: 0, a: 0}
  m_NormalizedViewPortRect:
    serializedVersion: 2
    x: 0
    y: 0
    width: 1
    height: 1
  near clip plane: 0.01
  far clip plane: 1.99
  field of view: 60
  orthographic: 1
  orthographic size: 1
  m_Depth: 0
  m_CullingMask:
    serializedVersion: 2
    m_Bits: 262657
  m_RenderingPath: -1
  m_TargetTexture: {fileID: 8400000, guid: 9f7b16cab61d4064e91535785b20e78a, type: 2}
  m_TargetDisplay: 0
  m_TargetEye: 3
  m_HDR: 0
  m_AllowMSAA: 1
  m_AllowDynamicResolution: 0
  m_ForceIntoRT: 0
  m_OcclusionCulling: 0
  m_StereoConvergence: 10
  m_StereoSeparation: 0.022
--- !u!20 &20179283009888070
Camera:
  m_ObjectHideFlags: 1
  m_PrefabParentObject: {fileID: 0}
  m_PrefabInternal: {fileID: 100100000}
  m_GameObject: {fileID: 1503934251037676}
  m_Enabled: 1
  serializedVersion: 2
  m_ClearFlags: 2
  m_BackGroundColor: {r: 0, g: 0, b: 0, a: 0}
  m_NormalizedViewPortRect:
    serializedVersion: 2
    x: 0
    y: 0
    width: 1
    height: 1
  near clip plane: 0.01
  far clip plane: 1.99
  field of view: 60
  orthographic: 1
  orthographic size: 1
  m_Depth: 0
  m_CullingMask:
    serializedVersion: 2
    m_Bits: 262657
  m_RenderingPath: -1
  m_TargetTexture: {fileID: 8400000, guid: 987fb46b4b300c744b030332d752faa4, type: 2}
  m_TargetDisplay: 0
  m_TargetEye: 3
  m_HDR: 0
  m_AllowMSAA: 1
  m_AllowDynamicResolution: 0
  m_ForceIntoRT: 0
  m_OcclusionCulling: 0
  m_StereoConvergence: 10
  m_StereoSeparation: 0.022
--- !u!20 &20332349650277264
Camera:
  m_ObjectHideFlags: 1
  m_PrefabParentObject: {fileID: 0}
  m_PrefabInternal: {fileID: 100100000}
  m_GameObject: {fileID: 1276453002039868}
  m_Enabled: 1
  serializedVersion: 2
  m_ClearFlags: 2
  m_BackGroundColor: {r: 0, g: 0, b: 0, a: 0}
  m_NormalizedViewPortRect:
    serializedVersion: 2
    x: 0
    y: 0
    width: 1
    height: 1
  near clip plane: 0.01
  far clip plane: 1.99
  field of view: 60
  orthographic: 1
  orthographic size: 1
  m_Depth: 0
  m_CullingMask:
    serializedVersion: 2
    m_Bits: 262657
  m_RenderingPath: -1
  m_TargetTexture: {fileID: 8400000, guid: 1330a12214589064fad9d4cd0ea808ca, type: 2}
  m_TargetDisplay: 0
  m_TargetEye: 3
  m_HDR: 0
  m_AllowMSAA: 1
  m_AllowDynamicResolution: 0
  m_ForceIntoRT: 0
  m_OcclusionCulling: 0
  m_StereoConvergence: 10
  m_StereoSeparation: 0.022
--- !u!20 &20357933652490154
Camera:
  m_ObjectHideFlags: 1
  m_PrefabParentObject: {fileID: 0}
  m_PrefabInternal: {fileID: 100100000}
  m_GameObject: {fileID: 1458008518965688}
  m_Enabled: 1
  serializedVersion: 2
  m_ClearFlags: 2
  m_BackGroundColor: {r: 0, g: 0, b: 0, a: 0}
  m_NormalizedViewPortRect:
    serializedVersion: 2
    x: 0
    y: 0
    width: 1
    height: 1
  near clip plane: 0.01
  far clip plane: 1.99
  field of view: 60
  orthographic: 1
  orthographic size: 1
  m_Depth: 0
  m_CullingMask:
    serializedVersion: 2
    m_Bits: 262657
  m_RenderingPath: -1
  m_TargetTexture: {fileID: 8400000, guid: ec980cbe24618da49ae772ec8f25a411, type: 2}
  m_TargetDisplay: 0
  m_TargetEye: 3
  m_HDR: 0
  m_AllowMSAA: 1
  m_AllowDynamicResolution: 0
  m_ForceIntoRT: 0
  m_OcclusionCulling: 0
  m_StereoConvergence: 10
  m_StereoSeparation: 0.022
--- !u!20 &20465471163957010
Camera:
  m_ObjectHideFlags: 1
  m_PrefabParentObject: {fileID: 0}
  m_PrefabInternal: {fileID: 100100000}
  m_GameObject: {fileID: 1441397617862390}
  m_Enabled: 1
  serializedVersion: 2
  m_ClearFlags: 2
  m_BackGroundColor: {r: 0, g: 0, b: 0, a: 0}
  m_NormalizedViewPortRect:
    serializedVersion: 2
    x: 0
    y: 0
    width: 1
    height: 1
  near clip plane: 0.01
  far clip plane: 1.99
  field of view: 60
  orthographic: 1
  orthographic size: 1
  m_Depth: 0
  m_CullingMask:
    serializedVersion: 2
    m_Bits: 262657
  m_RenderingPath: -1
  m_TargetTexture: {fileID: 8400000, guid: b7bcf8b4cbde2ca48b66265690e4b78c, type: 2}
  m_TargetDisplay: 0
  m_TargetEye: 3
  m_HDR: 0
  m_AllowMSAA: 1
  m_AllowDynamicResolution: 0
  m_ForceIntoRT: 0
  m_OcclusionCulling: 0
  m_StereoConvergence: 10
  m_StereoSeparation: 0.022
--- !u!20 &20509455370663656
Camera:
  m_ObjectHideFlags: 1
  m_PrefabParentObject: {fileID: 0}
  m_PrefabInternal: {fileID: 100100000}
  m_GameObject: {fileID: 1382602663636220}
  m_Enabled: 1
  serializedVersion: 2
  m_ClearFlags: 2
  m_BackGroundColor: {r: 0, g: 0, b: 0, a: 0}
  m_NormalizedViewPortRect:
    serializedVersion: 2
    x: 0
    y: 0
    width: 1
    height: 1
  near clip plane: 0.01
  far clip plane: 1.99
  field of view: 60
  orthographic: 1
  orthographic size: 1
  m_Depth: 0
  m_CullingMask:
    serializedVersion: 2
    m_Bits: 262657
  m_RenderingPath: -1
  m_TargetTexture: {fileID: 8400000, guid: 9f4cd473d2e8f5f41a35c950b99b3318, type: 2}
  m_TargetDisplay: 0
  m_TargetEye: 3
  m_HDR: 0
  m_AllowMSAA: 1
  m_AllowDynamicResolution: 0
  m_ForceIntoRT: 0
  m_OcclusionCulling: 0
  m_StereoConvergence: 10
  m_StereoSeparation: 0.022
--- !u!20 &20614632696080592
Camera:
  m_ObjectHideFlags: 1
  m_PrefabParentObject: {fileID: 0}
  m_PrefabInternal: {fileID: 100100000}
  m_GameObject: {fileID: 1542436910497584}
  m_Enabled: 1
  serializedVersion: 2
  m_ClearFlags: 2
  m_BackGroundColor: {r: 0, g: 0, b: 0, a: 0}
  m_NormalizedViewPortRect:
    serializedVersion: 2
    x: 0
    y: 0
    width: 1
    height: 1
  near clip plane: 0.01
  far clip plane: 1.99
  field of view: 60
  orthographic: 1
  orthographic size: 1
  m_Depth: 0
  m_CullingMask:
    serializedVersion: 2
    m_Bits: 262657
  m_RenderingPath: -1
  m_TargetTexture: {fileID: 8400000, guid: 337184e5ecf2a2549a67ea747d6c49e0, type: 2}
  m_TargetDisplay: 0
  m_TargetEye: 3
  m_HDR: 0
  m_AllowMSAA: 1
  m_AllowDynamicResolution: 0
  m_ForceIntoRT: 0
  m_OcclusionCulling: 0
  m_StereoConvergence: 10
  m_StereoSeparation: 0.022
--- !u!20 &20683540864976026
Camera:
  m_ObjectHideFlags: 1
  m_PrefabParentObject: {fileID: 0}
  m_PrefabInternal: {fileID: 100100000}
  m_GameObject: {fileID: 1419806634033916}
  m_Enabled: 1
  serializedVersion: 2
  m_ClearFlags: 2
  m_BackGroundColor: {r: 0, g: 0, b: 0, a: 0}
  m_NormalizedViewPortRect:
    serializedVersion: 2
    x: 0
    y: 0
    width: 1
    height: 1
  near clip plane: 0.01
  far clip plane: 1.99
  field of view: 60
  orthographic: 1
  orthographic size: 1
  m_Depth: 0
  m_CullingMask:
    serializedVersion: 2
    m_Bits: 262657
  m_RenderingPath: -1
  m_TargetTexture: {fileID: 8400000, guid: ce378dc2687d749489cefb0f3182578e, type: 2}
  m_TargetDisplay: 0
  m_TargetEye: 3
  m_HDR: 0
  m_AllowMSAA: 1
  m_AllowDynamicResolution: 0
  m_ForceIntoRT: 0
  m_OcclusionCulling: 0
  m_StereoConvergence: 10
  m_StereoSeparation: 0.022
--- !u!20 &20699159816866788
Camera:
  m_ObjectHideFlags: 1
  m_PrefabParentObject: {fileID: 0}
  m_PrefabInternal: {fileID: 100100000}
  m_GameObject: {fileID: 1844271850893768}
  m_Enabled: 1
  serializedVersion: 2
  m_ClearFlags: 2
  m_BackGroundColor: {r: 0, g: 0, b: 0, a: 0}
  m_NormalizedViewPortRect:
    serializedVersion: 2
    x: 0
    y: 0
    width: 1
    height: 1
  near clip plane: 0.01
  far clip plane: 1.99
  field of view: 60
  orthographic: 1
  orthographic size: 1
  m_Depth: 0
  m_CullingMask:
    serializedVersion: 2
    m_Bits: 262657
  m_RenderingPath: -1
  m_TargetTexture: {fileID: 8400000, guid: 9bf6cf5a52b7c7044a5c9833e73f6543, type: 2}
  m_TargetDisplay: 0
  m_TargetEye: 3
  m_HDR: 0
  m_AllowMSAA: 1
  m_AllowDynamicResolution: 0
  m_ForceIntoRT: 0
  m_OcclusionCulling: 0
  m_StereoConvergence: 10
  m_StereoSeparation: 0.022
--- !u!20 &20727349821695548
Camera:
  m_ObjectHideFlags: 1
  m_PrefabParentObject: {fileID: 0}
  m_PrefabInternal: {fileID: 100100000}
  m_GameObject: {fileID: 1930097133223114}
  m_Enabled: 1
  serializedVersion: 2
  m_ClearFlags: 2
  m_BackGroundColor: {r: 0, g: 0, b: 0, a: 0}
  m_NormalizedViewPortRect:
    serializedVersion: 2
    x: 0
    y: 0
    width: 1
    height: 1
  near clip plane: 0.01
  far clip plane: 1.99
  field of view: 60
  orthographic: 1
  orthographic size: 1
  m_Depth: 0
  m_CullingMask:
    serializedVersion: 2
    m_Bits: 262657
  m_RenderingPath: -1
  m_TargetTexture: {fileID: 8400000, guid: fa42c124d7426334cb9d4c3ec819e2c5, type: 2}
  m_TargetDisplay: 0
  m_TargetEye: 3
  m_HDR: 0
  m_AllowMSAA: 1
  m_AllowDynamicResolution: 0
  m_ForceIntoRT: 0
  m_OcclusionCulling: 0
  m_StereoConvergence: 10
  m_StereoSeparation: 0.022
--- !u!20 &20728249078662740
Camera:
  m_ObjectHideFlags: 1
  m_PrefabParentObject: {fileID: 0}
  m_PrefabInternal: {fileID: 100100000}
  m_GameObject: {fileID: 1667230005245918}
  m_Enabled: 1
  serializedVersion: 2
  m_ClearFlags: 2
  m_BackGroundColor: {r: 0, g: 0, b: 0, a: 0}
  m_NormalizedViewPortRect:
    serializedVersion: 2
    x: 0
    y: 0
    width: 1
    height: 1
  near clip plane: 0.01
  far clip plane: 1.99
  field of view: 60
  orthographic: 1
  orthographic size: 1
  m_Depth: 0
  m_CullingMask:
    serializedVersion: 2
    m_Bits: 262657
  m_RenderingPath: -1
  m_TargetTexture: {fileID: 8400000, guid: b2d949f4b4f90184a8755b195dd4d56d, type: 2}
  m_TargetDisplay: 0
  m_TargetEye: 3
  m_HDR: 0
  m_AllowMSAA: 1
  m_AllowDynamicResolution: 0
  m_ForceIntoRT: 0
  m_OcclusionCulling: 0
  m_StereoConvergence: 10
  m_StereoSeparation: 0.022
--- !u!23 &23139078360735594
MeshRenderer:
  m_ObjectHideFlags: 1
  m_PrefabParentObject: {fileID: 0}
  m_PrefabInternal: {fileID: 100100000}
  m_GameObject: {fileID: 1280846274553298}
  m_Enabled: 1
  m_CastShadows: 1
  m_ReceiveShadows: 1
  m_DynamicOccludee: 1
  m_MotionVectors: 1
  m_LightProbeUsage: 1
  m_ReflectionProbeUsage: 1
  m_Materials:
  - {fileID: 2100000, guid: 2261077d70034da48bc370d6d102b7e5, type: 2}
  m_StaticBatchInfo:
    firstSubMesh: 0
    subMeshCount: 0
  m_StaticBatchRoot: {fileID: 0}
  m_ProbeAnchor: {fileID: 0}
  m_LightProbeVolumeOverride: {fileID: 0}
  m_ScaleInLightmap: 1
  m_PreserveUVs: 1
  m_IgnoreNormalsForChartDetection: 0
  m_ImportantGI: 0
  m_StitchLightmapSeams: 0
  m_SelectedEditorRenderState: 3
  m_MinimumChartSize: 4
  m_AutoUVMaxDistance: 0.5
  m_AutoUVMaxAngle: 89
  m_LightmapParameters: {fileID: 0}
  m_SortingLayerID: 0
  m_SortingLayer: 0
  m_SortingOrder: 0
--- !u!23 &23478695670286932
MeshRenderer:
  m_ObjectHideFlags: 1
  m_PrefabParentObject: {fileID: 0}
  m_PrefabInternal: {fileID: 100100000}
  m_GameObject: {fileID: 1204632755655830}
  m_Enabled: 1
  m_CastShadows: 1
  m_ReceiveShadows: 1
  m_DynamicOccludee: 1
  m_MotionVectors: 1
  m_LightProbeUsage: 1
  m_ReflectionProbeUsage: 1
  m_Materials:
  - {fileID: 2100000, guid: ca5529c613cc81f4cba7dc04aade6e38, type: 2}
  m_StaticBatchInfo:
    firstSubMesh: 0
    subMeshCount: 0
  m_StaticBatchRoot: {fileID: 0}
  m_ProbeAnchor: {fileID: 0}
  m_LightProbeVolumeOverride: {fileID: 0}
  m_ScaleInLightmap: 1
  m_PreserveUVs: 1
  m_IgnoreNormalsForChartDetection: 0
  m_ImportantGI: 0
  m_StitchLightmapSeams: 0
  m_SelectedEditorRenderState: 3
  m_MinimumChartSize: 4
  m_AutoUVMaxDistance: 0.5
  m_AutoUVMaxAngle: 89
  m_LightmapParameters: {fileID: 0}
  m_SortingLayerID: 0
  m_SortingLayer: 0
  m_SortingOrder: 0
--- !u!23 &23562272283761096
MeshRenderer:
  m_ObjectHideFlags: 1
  m_PrefabParentObject: {fileID: 0}
  m_PrefabInternal: {fileID: 100100000}
  m_GameObject: {fileID: 1272659652990224}
  m_Enabled: 1
  m_CastShadows: 1
  m_ReceiveShadows: 1
  m_DynamicOccludee: 1
  m_MotionVectors: 1
  m_LightProbeUsage: 1
  m_ReflectionProbeUsage: 1
  m_Materials:
  - {fileID: 10303, guid: 0000000000000000f000000000000000, type: 0}
  m_StaticBatchInfo:
    firstSubMesh: 0
    subMeshCount: 0
  m_StaticBatchRoot: {fileID: 0}
  m_ProbeAnchor: {fileID: 0}
  m_LightProbeVolumeOverride: {fileID: 0}
  m_ScaleInLightmap: 1
  m_PreserveUVs: 1
  m_IgnoreNormalsForChartDetection: 0
  m_ImportantGI: 0
  m_StitchLightmapSeams: 0
  m_SelectedEditorRenderState: 3
  m_MinimumChartSize: 4
  m_AutoUVMaxDistance: 0.5
  m_AutoUVMaxAngle: 89
  m_LightmapParameters: {fileID: 0}
  m_SortingLayerID: 0
  m_SortingLayer: 0
  m_SortingOrder: 0
--- !u!23 &23736932186374716
MeshRenderer:
  m_ObjectHideFlags: 1
  m_PrefabParentObject: {fileID: 0}
  m_PrefabInternal: {fileID: 100100000}
  m_GameObject: {fileID: 1592720054365874}
  m_Enabled: 1
  m_CastShadows: 1
  m_ReceiveShadows: 1
  m_DynamicOccludee: 1
  m_MotionVectors: 1
  m_LightProbeUsage: 1
  m_ReflectionProbeUsage: 1
  m_Materials:
  - {fileID: 2100000, guid: ca5529c613cc81f4cba7dc04aade6e38, type: 2}
  m_StaticBatchInfo:
    firstSubMesh: 0
    subMeshCount: 0
  m_StaticBatchRoot: {fileID: 0}
  m_ProbeAnchor: {fileID: 0}
  m_LightProbeVolumeOverride: {fileID: 0}
  m_ScaleInLightmap: 1
  m_PreserveUVs: 1
  m_IgnoreNormalsForChartDetection: 0
  m_ImportantGI: 0
  m_StitchLightmapSeams: 0
  m_SelectedEditorRenderState: 3
  m_MinimumChartSize: 4
  m_AutoUVMaxDistance: 0.5
  m_AutoUVMaxAngle: 89
  m_LightmapParameters: {fileID: 0}
  m_SortingLayerID: 0
  m_SortingLayer: 0
  m_SortingOrder: 0
--- !u!23 &23838032802636360
MeshRenderer:
  m_ObjectHideFlags: 1
  m_PrefabParentObject: {fileID: 0}
  m_PrefabInternal: {fileID: 100100000}
  m_GameObject: {fileID: 1928780606718614}
  m_Enabled: 1
  m_CastShadows: 1
  m_ReceiveShadows: 1
  m_DynamicOccludee: 0
  m_MotionVectors: 1
  m_LightProbeUsage: 1
  m_ReflectionProbeUsage: 1
  m_Materials:
  - {fileID: 2100000, guid: 929c7d258391aaa4883c6cc138afa71d, type: 2}
  m_StaticBatchInfo:
    firstSubMesh: 0
    subMeshCount: 0
  m_StaticBatchRoot: {fileID: 0}
  m_ProbeAnchor: {fileID: 0}
  m_LightProbeVolumeOverride: {fileID: 0}
  m_ScaleInLightmap: 1
  m_PreserveUVs: 0
  m_IgnoreNormalsForChartDetection: 0
  m_ImportantGI: 0
  m_StitchLightmapSeams: 0
  m_SelectedEditorRenderState: 3
  m_MinimumChartSize: 4
  m_AutoUVMaxDistance: 0.5
  m_AutoUVMaxAngle: 89
  m_LightmapParameters: {fileID: 0}
  m_SortingLayerID: 0
  m_SortingLayer: 0
  m_SortingOrder: 0
--- !u!33 &33150338109747512
MeshFilter:
  m_ObjectHideFlags: 1
  m_PrefabParentObject: {fileID: 0}
  m_PrefabInternal: {fileID: 100100000}
  m_GameObject: {fileID: 1928780606718614}
  m_Mesh: {fileID: 4300000, guid: 5c68ebd4d6fcc5344850e8c8fe5f9d70, type: 2}
--- !u!33 &33171628705619450
MeshFilter:
  m_ObjectHideFlags: 1
  m_PrefabParentObject: {fileID: 0}
  m_PrefabInternal: {fileID: 100100000}
  m_GameObject: {fileID: 1592720054365874}
  m_Mesh: {fileID: 10202, guid: 0000000000000000e000000000000000, type: 0}
--- !u!33 &33892625820737368
MeshFilter:
  m_ObjectHideFlags: 1
  m_PrefabParentObject: {fileID: 0}
  m_PrefabInternal: {fileID: 100100000}
  m_GameObject: {fileID: 1204632755655830}
  m_Mesh: {fileID: 10202, guid: 0000000000000000e000000000000000, type: 0}
--- !u!33 &33906651366122946
MeshFilter:
  m_ObjectHideFlags: 1
  m_PrefabParentObject: {fileID: 0}
  m_PrefabInternal: {fileID: 100100000}
  m_GameObject: {fileID: 1280846274553298}
  m_Mesh: {fileID: 10210, guid: 0000000000000000e000000000000000, type: 0}
--- !u!54 &54529538529021048
Rigidbody:
  m_ObjectHideFlags: 1
  m_PrefabParentObject: {fileID: 0}
  m_PrefabInternal: {fileID: 100100000}
  m_GameObject: {fileID: 1539761873304052}
  serializedVersion: 2
  m_Mass: 1
  m_Drag: 0
  m_AngularDrag: 0.05
  m_UseGravity: 0
  m_IsKinematic: 0
  m_Interpolate: 0
  m_Constraints: 0
  m_CollisionDetection: 0
--- !u!65 &65348876007712174
BoxCollider:
  m_ObjectHideFlags: 1
  m_PrefabParentObject: {fileID: 0}
  m_PrefabInternal: {fileID: 100100000}
  m_GameObject: {fileID: 1510736394489820}
  m_Material: {fileID: 0}
  m_IsTrigger: 1
  m_Enabled: 1
  serializedVersion: 2
  m_Size: {x: 1, y: 1, z: 1}
  m_Center: {x: 0, y: 0, z: 0}
--- !u!65 &65461922499314386
BoxCollider:
  m_ObjectHideFlags: 1
  m_PrefabParentObject: {fileID: 0}
  m_PrefabInternal: {fileID: 100100000}
  m_GameObject: {fileID: 1539761873304052}
  m_Material: {fileID: 0}
  m_IsTrigger: 1
  m_Enabled: 1
  serializedVersion: 2
  m_Size: {x: 0.5, y: 0.5, z: 0.5}
  m_Center: {x: 0, y: 0, z: 0}
--- !u!65 &65558598784288552
BoxCollider:
  m_ObjectHideFlags: 1
  m_PrefabParentObject: {fileID: 0}
  m_PrefabInternal: {fileID: 100100000}
  m_GameObject: {fileID: 1272659652990224}
  m_Material: {fileID: 0}
  m_IsTrigger: 1
  m_Enabled: 1
  serializedVersion: 2
  m_Size: {x: 1, y: 1, z: 1}
  m_Center: {x: 0, y: 0, z: 0}
--- !u!92 &92099884079882930
Behaviour:
  m_ObjectHideFlags: 1
  m_PrefabParentObject: {fileID: 0}
  m_PrefabInternal: {fileID: 100100000}
  m_GameObject: {fileID: 1276453002039868}
  m_Enabled: 0
--- !u!92 &92213856234200920
Behaviour:
  m_ObjectHideFlags: 1
  m_PrefabParentObject: {fileID: 0}
  m_PrefabInternal: {fileID: 100100000}
  m_GameObject: {fileID: 1542436910497584}
  m_Enabled: 0
--- !u!92 &92289240389832894
Behaviour:
  m_ObjectHideFlags: 1
  m_PrefabParentObject: {fileID: 0}
  m_PrefabInternal: {fileID: 100100000}
  m_GameObject: {fileID: 1021652227798116}
  m_Enabled: 0
--- !u!92 &92335353074106166
Behaviour:
  m_ObjectHideFlags: 1
  m_PrefabParentObject: {fileID: 0}
  m_PrefabInternal: {fileID: 100100000}
  m_GameObject: {fileID: 1458008518965688}
  m_Enabled: 0
--- !u!92 &92440370856905080
Behaviour:
  m_ObjectHideFlags: 1
  m_PrefabParentObject: {fileID: 0}
  m_PrefabInternal: {fileID: 100100000}
  m_GameObject: {fileID: 1155362715930450}
  m_Enabled: 0
--- !u!92 &92508321789434268
Behaviour:
  m_ObjectHideFlags: 1
  m_PrefabParentObject: {fileID: 0}
  m_PrefabInternal: {fileID: 100100000}
  m_GameObject: {fileID: 1844271850893768}
  m_Enabled: 0
--- !u!92 &92514038254540684
Behaviour:
  m_ObjectHideFlags: 1
  m_PrefabParentObject: {fileID: 0}
  m_PrefabInternal: {fileID: 100100000}
  m_GameObject: {fileID: 1419806634033916}
  m_Enabled: 0
--- !u!92 &92520219398899696
Behaviour:
  m_ObjectHideFlags: 1
  m_PrefabParentObject: {fileID: 0}
  m_PrefabInternal: {fileID: 100100000}
  m_GameObject: {fileID: 1503934251037676}
  m_Enabled: 0
--- !u!92 &92532400245149084
Behaviour:
  m_ObjectHideFlags: 1
  m_PrefabParentObject: {fileID: 0}
  m_PrefabInternal: {fileID: 100100000}
  m_GameObject: {fileID: 1667230005245918}
  m_Enabled: 0
--- !u!92 &92625666184383620
Behaviour:
  m_ObjectHideFlags: 1
  m_PrefabParentObject: {fileID: 0}
  m_PrefabInternal: {fileID: 100100000}
  m_GameObject: {fileID: 1441397617862390}
  m_Enabled: 0
--- !u!92 &92805586367181910
Behaviour:
  m_ObjectHideFlags: 1
  m_PrefabParentObject: {fileID: 0}
  m_PrefabInternal: {fileID: 100100000}
  m_GameObject: {fileID: 1382602663636220}
  m_Enabled: 0
--- !u!92 &92819482562627950
Behaviour:
  m_ObjectHideFlags: 1
  m_PrefabParentObject: {fileID: 0}
  m_PrefabInternal: {fileID: 100100000}
  m_GameObject: {fileID: 1930097133223114}
  m_Enabled: 0
--- !u!95 &95540368519952678
Animator:
  serializedVersion: 3
  m_ObjectHideFlags: 1
  m_PrefabParentObject: {fileID: 0}
  m_PrefabInternal: {fileID: 100100000}
  m_GameObject: {fileID: 1928780606718614}
  m_Enabled: 1
  m_Avatar: {fileID: 0}
  m_Controller: {fileID: 9100000, guid: 2b64b8acdcc6b214e9c27a5bed0e04dd, type: 2}
  m_CullingMode: 0
  m_UpdateMode: 0
  m_ApplyRootMotion: 0
  m_LinearVelocityBlending: 0
  m_WarningMessage: 
  m_HasTransformHierarchy: 1
  m_AllowConstantClipSamplingOptimization: 1
--- !u!111 &111271263776461708
Animation:
  m_ObjectHideFlags: 1
  m_PrefabParentObject: {fileID: 0}
  m_PrefabInternal: {fileID: 100100000}
  m_GameObject: {fileID: 1539761873304052}
  m_Enabled: 1
  serializedVersion: 3
  m_Animation: {fileID: 0}
  m_Animations:
  - {fileID: 7400000, guid: 2681ef17ad0762846a9a1934ee919020, type: 2}
  - {fileID: 7400000, guid: 413bbb0fa690ff0478decc60e19261d3, type: 2}
  m_WrapMode: 0
  m_PlayAutomatically: 1
  m_AnimatePhysics: 0
  m_CullingType: 0
--- !u!114 &114005227178497654
MonoBehaviour:
  m_ObjectHideFlags: 1
  m_PrefabParentObject: {fileID: 0}
  m_PrefabInternal: {fileID: 100100000}
  m_GameObject: {fileID: 1172190238928964}
  m_Enabled: 1
  m_EditorHideFlags: 0
  m_Script: {fileID: 1579128511, guid: f78c4655b33cb5741983dc02e08899cf, type: 3}
  m_Name: 
  m_EditorClassIdentifier: 
  interactTextPlacement: {fileID: 0}
  interactText: Use
  interactTextGO: {fileID: 0}
  proximity: 2
  isHidden: 0
  UsesAdvancedOptions: 0
  ShowHelp: 1
  TakesOwnershipIfNecessary: 0
  Triggers:
  - TriggerType: 2
    BroadcastType: 4
    Events:
    - Name: 
      EventType: 10
      ParameterString: 
      ParameterBoolOp: 0
      ParameterBool: 0
      ParameterFloat: 0
      ParameterInt: 0
      ParameterObject: {fileID: 0}
      ParameterObjects: []
      ParameterBytes: 
      TakeOwnershipOfTarget: 0
    Name: Unnamed
    Others: []
    Key: 0
    TriggerIndividuals: 1
    Layers:
      serializedVersion: 2
      m_Bits: 1
    Repeat: 0
    LowPeriodTime: 0
    HighPeriodTime: 0
    ResetOnEnable: 0
    EventFired: 0
    Duration: 0
    Timer: 0
    DataElementIdx: 0
    DataStorageShadowValues:
    - ParameterString: 
      ParameterBoolOp: 
      ParameterFloat: 
      ParameterInt: 
    AfterSeconds: 0.1
    ProbabilityLock: 
    Probabilities: []
    MidiChannel: 0
    MidiNote: 0
    OscAddr: 
  - TriggerType: 30
    BroadcastType: 4
    Events:
    - Name: 
      EventType: 10
      ParameterString: 
      ParameterBoolOp: 1
      ParameterBool: 0
      ParameterFloat: 0
      ParameterInt: 0
      ParameterObject: {fileID: 0}
      ParameterObjects:
      - {fileID: 1928780606718614}
      ParameterBytes: 
      TakeOwnershipOfTarget: 0
    - Name: 
      EventType: 15
      ParameterString: StartPetrify
      ParameterBoolOp: 1
      ParameterBool: 0
      ParameterFloat: 0
      ParameterInt: 0
      ParameterObject: {fileID: 0}
      ParameterObjects:
      - {fileID: 1928780606718614}
      ParameterBytes: 
      TakeOwnershipOfTarget: 0
    Name: Unnamed
    Others: []
    Key: 0
    TriggerIndividuals: 1
    Layers:
      serializedVersion: 2
      m_Bits: 1
    Repeat: 0
    LowPeriodTime: 0
    HighPeriodTime: 0
    ResetOnEnable: 0
    EventFired: 0
    Duration: 0
    Timer: 0
    DataElementIdx: 0
    DataStorageShadowValues:
    - ParameterString: 
      ParameterBoolOp: 
      ParameterFloat: 
      ParameterInt: 
    - ParameterString: 
      ParameterBoolOp: 
      ParameterFloat: 
      ParameterInt: 
    AfterSeconds: 0
    ProbabilityLock: 
    Probabilities: []
    MidiChannel: 0
    MidiNote: 0
    OscAddr: 
--- !u!114 &114041768183768312
MonoBehaviour:
  m_ObjectHideFlags: 1
  m_PrefabParentObject: {fileID: 0}
  m_PrefabInternal: {fileID: 100100000}
  m_GameObject: {fileID: 1280846274553298}
  m_Enabled: 1
  m_EditorHideFlags: 0
  m_Script: {fileID: 1333502712, guid: f78c4655b33cb5741983dc02e08899cf, type: 3}
  m_Name: 
  m_EditorClassIdentifier: 
  PlayerMobility: 2
  canUseStationFromStation: 1
  animatorController: {fileID: 22100000, guid: 2b897a228b65c984d9666fdc985214ea, type: 2}
  disableStationExit: 1
  seated: 1
  stationEnterPlayerLocation: {fileID: 4122283346893892}
  stationExitPlayerLocation: {fileID: 4764549612745944}
  controlsObject: {fileID: 0}
  OnRemotePlayerEnterStation:
    TriggerObject: {fileID: 0}
    CustomName: 
  OnLocalPlayerEnterStation:
    TriggerObject: {fileID: 0}
    CustomName: 
  OnRemotePlayerExitStation:
    TriggerObject: {fileID: 0}
    CustomName: 
  OnLocalPlayerExitStation:
    TriggerObject: {fileID: 0}
    CustomName: 
--- !u!114 &114078477617386908
MonoBehaviour:
  m_ObjectHideFlags: 1
  m_PrefabParentObject: {fileID: 0}
  m_PrefabInternal: {fileID: 100100000}
  m_GameObject: {fileID: 1109724979014356}
  m_Enabled: 1
  m_EditorHideFlags: 0
  m_Script: {fileID: -339397700, guid: f78c4655b33cb5741983dc02e08899cf, type: 3}
  m_Name: 
  m_EditorClassIdentifier: 
  Events: []
--- !u!114 &114126259278799624
MonoBehaviour:
  m_ObjectHideFlags: 1
  m_PrefabParentObject: {fileID: 0}
  m_PrefabInternal: {fileID: 100100000}
  m_GameObject: {fileID: 1539761873304052}
  m_Enabled: 0
  m_EditorHideFlags: 0
  m_Script: {fileID: 11500000, guid: 246cc59c7a84ea44f87f6b70acfe30c5, type: 3}
  m_Name: 
  m_EditorClassIdentifier: 
  target: {fileID: 0}
  offset: {x: 0, y: 0, z: 0}
--- !u!114 &114238003940831762
MonoBehaviour:
  m_ObjectHideFlags: 1
  m_PrefabParentObject: {fileID: 0}
  m_PrefabInternal: {fileID: 100100000}
  m_GameObject: {fileID: 1280846274553298}
  m_Enabled: 1
  m_EditorHideFlags: 0
  m_Script: {fileID: -339397700, guid: f78c4655b33cb5741983dc02e08899cf, type: 3}
  m_Name: 
  m_EditorClassIdentifier: 
  Events: []
--- !u!114 &114241375833111130
MonoBehaviour:
  m_ObjectHideFlags: 1
  m_PrefabParentObject: {fileID: 0}
  m_PrefabInternal: {fileID: 100100000}
  m_GameObject: {fileID: 1272659652990224}
  m_Enabled: 1
  m_EditorHideFlags: 0
  m_Script: {fileID: 1579128511, guid: f78c4655b33cb5741983dc02e08899cf, type: 3}
  m_Name: 
  m_EditorClassIdentifier: 
  interactTextPlacement: {fileID: 0}
  interactText: Use
  interactTextGO: {fileID: 0}
  proximity: 2
  isHidden: 0
  UsesAdvancedOptions: 1
  ShowHelp: 1
  TakesOwnershipIfNecessary: 0
  Triggers:
  - TriggerType: 11
    BroadcastType: 2
    Events:
    - Name: 
      EventType: 15
      ParameterString: Jail
      ParameterBoolOp: 0
      ParameterBool: 0
      ParameterFloat: 0
      ParameterInt: 0
      ParameterObject: {fileID: 0}
      ParameterObjects:
      - {fileID: 1280846274553298}
      ParameterBytes: 
      TakeOwnershipOfTarget: 0
    - Name: 
      EventType: 5
      ParameterString: Pickupunable
      ParameterBoolOp: 0
      ParameterBool: 0
      ParameterFloat: 0
      ParameterInt: 0
      ParameterObject: {fileID: 0}
      ParameterObjects:
      - {fileID: 1539761873304052}
      ParameterBytes: 
      TakeOwnershipOfTarget: 0
    Name: Unnamed
    Others: []
    Key: 0
    TriggerIndividuals: 1
    Layers:
      serializedVersion: 2
      m_Bits: 1024
    Repeat: 0
    LowPeriodTime: 0
    HighPeriodTime: 0
    ResetOnEnable: 0
    EventFired: 0
    Duration: 0
    Timer: 0
    DataElementIdx: 0
    DataStorageShadowValues:
    - ParameterString: 
      ParameterBoolOp: 
      ParameterFloat: 
      ParameterInt: 
    - ParameterString: 
      ParameterBoolOp: 
      ParameterFloat: 
      ParameterInt: 
    AfterSeconds: 0
    ProbabilityLock: 
    Probabilities: []
    MidiChannel: 0
    MidiNote: 0
    OscAddr: 
  - TriggerType: 2
    BroadcastType: 4
    Events:
    - Name: 
      EventType: 10
      ParameterString: 
      ParameterBoolOp: 0
      ParameterBool: 0
      ParameterFloat: 0
      ParameterInt: 0
      ParameterObject: {fileID: 0}
      ParameterObjects: []
      ParameterBytes: 
      TakeOwnershipOfTarget: 0
    Name: Unnamed
    Others: []
    Key: 0
    TriggerIndividuals: 1
    Layers:
      serializedVersion: 2
      m_Bits: 1
    Repeat: 0
    LowPeriodTime: 0
    HighPeriodTime: 0
    ResetOnEnable: 0
    EventFired: 0
    Duration: 0
    Timer: 0
    DataElementIdx: 0
    DataStorageShadowValues:
    - ParameterString: 
      ParameterBoolOp: 
      ParameterFloat: 
      ParameterInt: 
    AfterSeconds: 0.2
    ProbabilityLock: 
    Probabilities: []
    MidiChannel: 0
    MidiNote: 0
    OscAddr: 
--- !u!114 &114257165098316658
MonoBehaviour:
  m_ObjectHideFlags: 1
  m_PrefabParentObject: {fileID: 0}
  m_PrefabInternal: {fileID: 100100000}
  m_GameObject: {fileID: 1341904823428572}
  m_Enabled: 1
  m_EditorHideFlags: 0
  m_Script: {fileID: 1579128511, guid: f78c4655b33cb5741983dc02e08899cf, type: 3}
  m_Name: 
  m_EditorClassIdentifier: 
  interactTextPlacement: {fileID: 0}
  interactText: Scan
  interactTextGO: {fileID: 0}
  proximity: 2
  isHidden: 0
  UsesAdvancedOptions: 1
  ShowHelp: 1
  TakesOwnershipIfNecessary: 0
  Triggers:
  - TriggerType: 0
    BroadcastType: 2
    Events:
    - Name: 
      EventType: 15
      ParameterString: LocalStart
      ParameterBoolOp: 0
      ParameterBool: 0
      ParameterFloat: 0
      ParameterInt: 0
      ParameterObject: {fileID: 0}
      ParameterObjects:
      - {fileID: 1539761873304052}
      ParameterBytes: 
      TakeOwnershipOfTarget: 0
    Name: HitHandler
    Others: []
    Key: 0
    TriggerIndividuals: 0
    Layers:
      serializedVersion: 2
      m_Bits: 0
    Repeat: 0
    LowPeriodTime: 0
    HighPeriodTime: 0
    ResetOnEnable: 0
    EventFired: 0
    Duration: 0
    Timer: 0
    DataElementIdx: 0
    DataStorageShadowValues:
    - ParameterString: 
      ParameterBoolOp: 
      ParameterFloat: 
      ParameterInt: 
    AfterSeconds: 0
    ProbabilityLock: 
    Probabilities: []
    MidiChannel: 0
    MidiNote: 0
    OscAddr: 
--- !u!114 &114372549672877024
MonoBehaviour:
  m_ObjectHideFlags: 1
  m_PrefabParentObject: {fileID: 0}
  m_PrefabInternal: {fileID: 100100000}
  m_GameObject: {fileID: 1539761873304052}
  m_Enabled: 1
  m_EditorHideFlags: 0
  m_Script: {fileID: 1579128511, guid: f78c4655b33cb5741983dc02e08899cf, type: 3}
  m_Name: 
  m_EditorClassIdentifier: 
  interactTextPlacement: {fileID: 0}
  interactText: Use
  interactTextGO: {fileID: 0}
  proximity: 2
  isHidden: 0
  UsesAdvancedOptions: 1
  ShowHelp: 1
  TakesOwnershipIfNecessary: 0
  Triggers:
  - TriggerType: 0
    BroadcastType: 2
    Events:
    - Name: 
      EventType: 15
      ParameterString: AllStart
      ParameterBoolOp: 0
      ParameterBool: 0
      ParameterFloat: 0
      ParameterInt: 0
      ParameterObject: {fileID: 0}
      ParameterObjects:
      - {fileID: 1539761873304052}
      ParameterBytes: 
      TakeOwnershipOfTarget: 0
    - Name: 
      EventType: 15
      ParameterString: EnableCollider
      ParameterBoolOp: 0
      ParameterBool: 0
      ParameterFloat: 0
      ParameterInt: 0
      ParameterObject: {fileID: 0}
      ParameterObjects:
      - {fileID: 1539761873304052}
      ParameterBytes: 
      TakeOwnershipOfTarget: 0
    Name: LocalStart
    Others: []
    Key: 0
    TriggerIndividuals: 1
    Layers:
      serializedVersion: 2
      m_Bits: 1
    Repeat: 0
    LowPeriodTime: 0
    HighPeriodTime: 0
    ResetOnEnable: 0
    EventFired: 0
    Duration: 0
    Timer: 0
    DataElementIdx: 0
    DataStorageShadowValues:
    - ParameterString: 
      ParameterBoolOp: 
      ParameterFloat: 
      ParameterInt: 
    - ParameterString: 
      ParameterBoolOp: 
      ParameterFloat: 
      ParameterInt: 
    AfterSeconds: 0
    ProbabilityLock: 
    Probabilities: []
    MidiChannel: 0
    MidiNote: 0
    OscAddr: 
  - TriggerType: 0
    BroadcastType: 4
    Events:
    - Name: 
      EventType: 10
      ParameterString: 
      ParameterBoolOp: 1
      ParameterBool: 0
      ParameterFloat: 0
      ParameterInt: 0
      ParameterObject: {fileID: 0}
      ParameterObjects:
      - {fileID: 1510736394489820}
      - {fileID: 1172190238928964}
      ParameterBytes: 
      TakeOwnershipOfTarget: 0
    - Name: 
      EventType: 10
      ParameterString: 
      ParameterBoolOp: 0
      ParameterBool: 0
      ParameterFloat: 0
      ParameterInt: 0
      ParameterObject: {fileID: 0}
      ParameterObjects:
      - {fileID: 1592720054365874}
      ParameterBytes: 
      TakeOwnershipOfTarget: 0
    - Name: 
      EventType: 5
      ParameterString: Pickupable
      ParameterBoolOp: 0
      ParameterBool: 0
      ParameterFloat: 0
      ParameterInt: 0
      ParameterObject: {fileID: 0}
      ParameterObjects:
      - {fileID: 1539761873304052}
      ParameterBytes: 
      TakeOwnershipOfTarget: 0
    Name: AllStart
    Others: []
    Key: 0
    TriggerIndividuals: 1
    Layers:
      serializedVersion: 2
      m_Bits: 1
    Repeat: 0
    LowPeriodTime: 0
    HighPeriodTime: 0
    ResetOnEnable: 0
    EventFired: 0
    Duration: 0
    Timer: 0
    DataElementIdx: 0
    DataStorageShadowValues:
    - ParameterString: 
      ParameterBoolOp: 
      ParameterFloat: 
      ParameterInt: 
    - ParameterString: 
      ParameterBoolOp: 
      ParameterFloat: 
      ParameterInt: 
    - ParameterString: 
      ParameterBoolOp: 
      ParameterFloat: 
      ParameterInt: 
    AfterSeconds: 0
    ProbabilityLock: 
    Probabilities: []
    MidiChannel: 0
    MidiNote: 0
    OscAddr: 
  - TriggerType: 0
    BroadcastType: 2
    Events:
    - Name: 
      EventType: 10
      ParameterString: 
      ParameterBoolOp: 1
      ParameterBool: 0
      ParameterFloat: 0
      ParameterInt: 0
      ParameterObject: {fileID: 0}
      ParameterObjects:
      - {fileID: 1272659652990224}
      ParameterBytes: 
      TakeOwnershipOfTarget: 0
    Name: EnableCollider
    Others: []
    Key: 0
    TriggerIndividuals: 1
    Layers:
      serializedVersion: 2
      m_Bits: 1
    Repeat: 0
    LowPeriodTime: 0
    HighPeriodTime: 0
    ResetOnEnable: 0
    EventFired: 0
    Duration: 0
    Timer: 0
    DataElementIdx: 0
    DataStorageShadowValues:
    - ParameterString: 
      ParameterBoolOp: 
      ParameterFloat: 
      ParameterInt: 
    AfterSeconds: 0.2
    ProbabilityLock: 
    Probabilities: []
    MidiChannel: 0
    MidiNote: 0
    OscAddr: 
  - TriggerType: 0
    BroadcastType: 4
    Events:
    - Name: 
      EventType: 15
      ParameterString: Reset
      ParameterBoolOp: 0
      ParameterBool: 0
      ParameterFloat: 0
      ParameterInt: 0
      ParameterObject: {fileID: 0}
      ParameterObjects:
      - {fileID: 1928780606718614}
      ParameterBytes: 
      TakeOwnershipOfTarget: 0
    - Name: 
      EventType: 10
      ParameterString: 
      ParameterBoolOp: 1
      ParameterBool: 0
      ParameterFloat: 0
      ParameterInt: 0
      ParameterObject: {fileID: 0}
      ParameterObjects:
      - {fileID: 1592720054365874}
      ParameterBytes: 
      TakeOwnershipOfTarget: 0
    - Name: 
      EventType: 10
      ParameterString: 
      ParameterBoolOp: 0
      ParameterBool: 0
      ParameterFloat: 0
      ParameterInt: 0
      ParameterObject: {fileID: 0}
      ParameterObjects:
      - {fileID: 1172190238928964}
      - {fileID: 1341904823428572}
      - {fileID: 1510736394489820}
      ParameterBytes: 
      TakeOwnershipOfTarget: 0
    - Name: 
      EventType: 15
      ParameterString: Release
      ParameterBoolOp: 0
      ParameterBool: 0
      ParameterFloat: 0
      ParameterInt: 0
      ParameterObject: {fileID: 0}
      ParameterObjects:
      - {fileID: 1280846274553298}
      ParameterBytes: 
      TakeOwnershipOfTarget: 0
    - Name: 
      EventType: 10
      ParameterString: 
      ParameterBoolOp: 0
      ParameterBool: 0
      ParameterFloat: 0
      ParameterInt: 0
      ParameterObject: {fileID: 0}
      ParameterObjects:
      - {fileID: 1272659652990224}
      ParameterBytes: 
      TakeOwnershipOfTarget: 0
    - Name: Drop
      EventType: 14
      ParameterString: Drop
      ParameterBoolOp: 0
      ParameterBool: 0
      ParameterFloat: 0
      ParameterInt: 0
      ParameterObject: {fileID: 0}
      ParameterObjects:
      - {fileID: 1539761873304052}
      ParameterBytes: 
      TakeOwnershipOfTarget: 0
    - Name: Drop
      EventType: 5
      ParameterString: Pickupunable
      ParameterBoolOp: 0
      ParameterBool: 0
      ParameterFloat: 0
      ParameterInt: 0
      ParameterObject: {fileID: 0}
      ParameterObjects:
      - {fileID: 1539761873304052}
      ParameterBytes: 
      TakeOwnershipOfTarget: 0
    Name: Reset
    Others: []
    Key: 0
    TriggerIndividuals: 1
    Layers:
      serializedVersion: 2
      m_Bits: 1
    Repeat: 0
    LowPeriodTime: 0
    HighPeriodTime: 0
    ResetOnEnable: 0
    EventFired: 0
    Duration: 0
    Timer: 0
    DataElementIdx: 0
    DataStorageShadowValues:
    - ParameterString: 
      ParameterBoolOp: 
      ParameterFloat: 
      ParameterInt: 
    - ParameterString: 
      ParameterBoolOp: 
      ParameterFloat: 
      ParameterInt: 
    - ParameterString: 
      ParameterBoolOp: 
      ParameterFloat: 
      ParameterInt: 
    - ParameterString: 
      ParameterBoolOp: 
      ParameterFloat: 
      ParameterInt: 
    - ParameterString: 
      ParameterBoolOp: 
      ParameterFloat: 
      ParameterInt: 
    - ParameterString: 
      ParameterBoolOp: 
      ParameterFloat: 
      ParameterInt: 
    - ParameterString: 
      ParameterBoolOp: 
      ParameterFloat: 
      ParameterInt: 
    AfterSeconds: 0
    ProbabilityLock: 
    Probabilities: []
    MidiChannel: 0
    MidiNote: 0
    OscAddr: 
  - TriggerType: 0
    BroadcastType: 4
    Events:
    - Name: 
      EventType: 10
      ParameterString: 
      ParameterBoolOp: 0
      ParameterBool: 0
      ParameterFloat: 0
      ParameterInt: 0
      ParameterObject: {fileID: 0}
      ParameterObjects:
      - {fileID: 1510736394489820}
      ParameterBytes: 
      TakeOwnershipOfTarget: 0
    Name: AllGameStart
    Others: []
    Key: 0
    TriggerIndividuals: 1
    Layers:
      serializedVersion: 2
      m_Bits: 1
    Repeat: 0
    LowPeriodTime: 0
    HighPeriodTime: 0
    ResetOnEnable: 0
    EventFired: 0
    Duration: 0
    Timer: 0
    DataElementIdx: 0
    DataStorageShadowValues:
    - ParameterString: 
      ParameterBoolOp: 
      ParameterFloat: 
      ParameterInt: 
    AfterSeconds: 0
    ProbabilityLock: 
    Probabilities: []
    MidiChannel: 0
    MidiNote: 0
    OscAddr: 
--- !u!114 &114384894100911110
MonoBehaviour:
  m_ObjectHideFlags: 1
  m_PrefabParentObject: {fileID: 0}
  m_PrefabInternal: {fileID: 100100000}
  m_GameObject: {fileID: 1272659652990224}
  m_Enabled: 1
  m_EditorHideFlags: 0
  m_Script: {fileID: -339397700, guid: f78c4655b33cb5741983dc02e08899cf, type: 3}
  m_Name: 
  m_EditorClassIdentifier: 
  Events: []
--- !u!114 &114397540308676262
MonoBehaviour:
  m_ObjectHideFlags: 1
  m_PrefabParentObject: {fileID: 0}
  m_PrefabInternal: {fileID: 100100000}
  m_GameObject: {fileID: 1928780606718614}
  m_Enabled: 1
  m_EditorHideFlags: 0
  m_Script: {fileID: -339397700, guid: f78c4655b33cb5741983dc02e08899cf, type: 3}
  m_Name: 
  m_EditorClassIdentifier: 
  Events: []
--- !u!114 &114409467832056616
MonoBehaviour:
  m_ObjectHideFlags: 1
  m_PrefabParentObject: {fileID: 0}
  m_PrefabInternal: {fileID: 100100000}
  m_GameObject: {fileID: 1280846274553298}
  m_Enabled: 1
  m_EditorHideFlags: 0
  m_Script: {fileID: 1579128511, guid: f78c4655b33cb5741983dc02e08899cf, type: 3}
  m_Name: 
  m_EditorClassIdentifier: 
  interactTextPlacement: {fileID: 0}
  interactText: Use
  interactTextGO: {fileID: 0}
  proximity: 2
  isHidden: 0
  UsesAdvancedOptions: 1
  ShowHelp: 1
  TakesOwnershipIfNecessary: 0
  Triggers:
  - TriggerType: 0
    BroadcastType: 4
    Events:
    - Name: UseStation
      EventType: 14
      ParameterString: UseStation
      ParameterBoolOp: 0
      ParameterBool: 0
      ParameterFloat: 0
      ParameterInt: 6
      ParameterObject: {fileID: 0}
      ParameterObjects:
      - {fileID: 1280846274553298}
      ParameterBytes: 
      TakeOwnershipOfTarget: 0
    - Name: UseStation
      EventType: 15
      ParameterString: Disable
      ParameterBoolOp: 0
      ParameterBool: 0
      ParameterFloat: 0
      ParameterInt: 0
      ParameterObject: {fileID: 0}
      ParameterObjects:
      - {fileID: 1646780687455062}
      ParameterBytes: 
      TakeOwnershipOfTarget: 0
    Name: Jail
    Others: []
    Key: 0
    TriggerIndividuals: 1
    Layers:
      serializedVersion: 2
      m_Bits: 1
    Repeat: 0
    LowPeriodTime: 0
    HighPeriodTime: 0
    ResetOnEnable: 0
    EventFired: 0
    Duration: 0
    Timer: 0
    DataElementIdx: 0
    DataStorageShadowValues:
    - ParameterString: 
      ParameterBoolOp: 
      ParameterFloat: 
      ParameterInt: 
    - ParameterString: 
      ParameterBoolOp: 
      ParameterFloat: 
      ParameterInt: 
    AfterSeconds: 0
    ProbabilityLock: 
    Probabilities: []
    MidiChannel: 0
    MidiNote: 0
    OscAddr: 
  - TriggerType: 0
    BroadcastType: 4
    Events:
    - Name: ExitStation
      EventType: 14
      ParameterString: ExitStation
      ParameterBoolOp: 0
      ParameterBool: 0
      ParameterFloat: 0
      ParameterInt: 6
      ParameterObject: {fileID: 0}
      ParameterObjects:
      - {fileID: 1280846274553298}
      ParameterBytes: 
      TakeOwnershipOfTarget: 0
    Name: Release
    Others: []
    Key: 0
    TriggerIndividuals: 1
    Layers:
      serializedVersion: 2
      m_Bits: 1
    Repeat: 0
    LowPeriodTime: 0
    HighPeriodTime: 0
    ResetOnEnable: 0
    EventFired: 0
    Duration: 0
    Timer: 0
    DataElementIdx: 0
    DataStorageShadowValues:
    - ParameterString: 
      ParameterBoolOp: 
      ParameterFloat: 
      ParameterInt: 
    AfterSeconds: 0
    ProbabilityLock: 
    Probabilities: []
    MidiChannel: 0
    MidiNote: 0
    OscAddr: 
--- !u!114 &114457764507840506
MonoBehaviour:
  m_ObjectHideFlags: 1
  m_PrefabParentObject: {fileID: 0}
  m_PrefabInternal: {fileID: 100100000}
  m_GameObject: {fileID: 1272659652990224}
  m_Enabled: 1
  m_EditorHideFlags: 0
  m_Script: {fileID: 1226607430, guid: f78c4655b33cb5741983dc02e08899cf, type: 3}
  m_Name: 
  m_EditorClassIdentifier: 
  label: "\u81EA\u5206\u3067\u306FPickuup\u51FA\u6765\u306A\u3044\u3088\u3046\u306B\u3059\u308B\u70BA\u306B\u3053\u3053\u3067Pickupunable\u3092\u547C\u3093\u3067\u3044\u308B"
--- !u!114 &114601471258401616
MonoBehaviour:
  m_ObjectHideFlags: 1
  m_PrefabParentObject: {fileID: 0}
  m_PrefabInternal: {fileID: 100100000}
  m_GameObject: {fileID: 1646780687455062}
  m_Enabled: 1
  m_EditorHideFlags: 0
  m_Script: {fileID: 1579128511, guid: f78c4655b33cb5741983dc02e08899cf, type: 3}
  m_Name: 
  m_EditorClassIdentifier: 
  interactTextPlacement: {fileID: 0}
  interactText: Use
  interactTextGO: {fileID: 0}
  proximity: 2
  isHidden: 0
  UsesAdvancedOptions: 1
  ShowHelp: 1
  TakesOwnershipIfNecessary: 0
  Triggers:
  - TriggerType: 0
    BroadcastType: 2
    Events:
    - Name: 
      EventType: 15
      ParameterString: Disable
      ParameterBoolOp: 1
      ParameterBool: 0
      ParameterFloat: 0
      ParameterInt: 0
      ParameterObject: {fileID: 0}
      ParameterObjects:
      - {fileID: 1646780687455062}
      ParameterBytes: 
      TakeOwnershipOfTarget: 0
    - Name: TakeOwnership
      EventType: 14
      ParameterString: TakeOwnership
      ParameterBoolOp: 1
      ParameterBool: 0
      ParameterFloat: 0
      ParameterInt: 0
      ParameterObject: {fileID: 0}
      ParameterObjects:
      - {fileID: 1539761873304052}
      ParameterBytes: 
      TakeOwnershipOfTarget: 0
    - Name: 
      EventType: 21
      ParameterString: UnityStandardAssets.Utility.FollowTarget
      ParameterBoolOp: 1
      ParameterBool: 0
      ParameterFloat: 0
      ParameterInt: 0
      ParameterObject: {fileID: 0}
      ParameterObjects:
      - {fileID: 1539761873304052}
      ParameterBytes: 
      TakeOwnershipOfTarget: 0
    - Name: 
      EventType: 10
      ParameterString: 
      ParameterBoolOp: 1
      ParameterBool: 0
      ParameterFloat: 0
      ParameterInt: 0
      ParameterObject: {fileID: 0}
      ParameterObjects:
      - {fileID: 1341904823428572}
      ParameterBytes: 
      TakeOwnershipOfTarget: 0
    Name: Enable
    Others: []
    Key: 0
    TriggerIndividuals: 0
    Layers:
      serializedVersion: 2
      m_Bits: 0
    Repeat: 0
    LowPeriodTime: 0
    HighPeriodTime: 0
    ResetOnEnable: 0
    EventFired: 0
    Duration: 0
    Timer: 0
    DataElementIdx: 0
    DataStorageShadowValues:
    - ParameterString: 
      ParameterBoolOp: 
      ParameterFloat: 
      ParameterInt: 
    - ParameterString: 
      ParameterBoolOp: 
      ParameterFloat: 
      ParameterInt: 
    - ParameterString: 
      ParameterBoolOp: 
      ParameterFloat: 
      ParameterInt: 
    - ParameterString: 
      ParameterBoolOp: 
      ParameterFloat: 
      ParameterInt: 
    AfterSeconds: 0
    ProbabilityLock: 
    Probabilities: []
    MidiChannel: 0
    MidiNote: 0
    OscAddr: 
  - TriggerType: 0
    BroadcastType: 4
    Events:
    - Name: 
      EventType: 21
      ParameterString: UnityStandardAssets.Utility.FollowTarget
      ParameterBoolOp: 0
      ParameterBool: 0
      ParameterFloat: 0
      ParameterInt: 0
      ParameterObject: {fileID: 0}
      ParameterObjects:
      - {fileID: 1539761873304052}
      ParameterBytes: 
      TakeOwnershipOfTarget: 0
    Name: Disable
    Others: []
    Key: 0
    TriggerIndividuals: 1
    Layers:
      serializedVersion: 2
      m_Bits: 1
    Repeat: 0
    LowPeriodTime: 0
    HighPeriodTime: 0
    ResetOnEnable: 0
    EventFired: 0
    Duration: 0
    Timer: 0
    DataElementIdx: 0
    DataStorageShadowValues:
    - ParameterString: 
      ParameterBoolOp: 
      ParameterFloat: 
      ParameterInt: 
    AfterSeconds: 0
    ProbabilityLock: 
    Probabilities: []
    MidiChannel: 0
    MidiNote: 0
    OscAddr: 
--- !u!114 &114642131153332150
MonoBehaviour:
  m_ObjectHideFlags: 1
  m_PrefabParentObject: {fileID: 0}
  m_PrefabInternal: {fileID: 100100000}
  m_GameObject: {fileID: 1539761873304052}
  m_Enabled: 1
  m_EditorHideFlags: 0
  m_Script: {fileID: -339397700, guid: f78c4655b33cb5741983dc02e08899cf, type: 3}
  m_Name: 
  m_EditorClassIdentifier: 
  Events: []
--- !u!114 &114667521757043180
MonoBehaviour:
  m_ObjectHideFlags: 1
  m_PrefabParentObject: {fileID: 0}
  m_PrefabInternal: {fileID: 100100000}
  m_GameObject: {fileID: 1539761873304052}
  m_Enabled: 1
  m_EditorHideFlags: 0
  m_Script: {fileID: 394927577, guid: f78c4655b33cb5741983dc02e08899cf, type: 3}
  m_Name: 
  m_EditorClassIdentifier: 
  MomentumTransferMethod: 0
  DisallowTheft: 1
  ExactGun: {fileID: 0}
  ExactGrip: {fileID: 0}
  allowManipulationWhenEquipped: 0
  orientation: 1
  AutoHold: 1
  InteractionText: 
  UseText: Use
  useEventBroadcastType: 0
  UseDownEventName: 
  UseUpEventName: 
  pickupDropEventBroadcastType: 0
  PickupEventName: 
  DropEventName: 
  ThrowVelocityBoostMinSpeed: 1
  ThrowVelocityBoostScale: 1
  currentlyHeldBy: {fileID: 0}
  currentLocalPlayer: {fileID: 0}
  pickupable: 1
  proximity: 2
--- !u!114 &114703609442092314
MonoBehaviour:
  m_ObjectHideFlags: 1
  m_PrefabParentObject: {fileID: 0}
  m_PrefabInternal: {fileID: 100100000}
  m_GameObject: {fileID: 1510736394489820}
  m_Enabled: 1
  m_EditorHideFlags: 0
  m_Script: {fileID: 1136881975, guid: f78c4655b33cb5741983dc02e08899cf, type: 3}
  m_Name: 
  m_EditorClassIdentifier: 
  VoiceGain: 15
  VoiceFar: 0
  VoiceNear: 0
  VoiceVolumetricRadius: 0
  VoiceDisableLowpass: 0
  AvatarGainLimit: 10
  AvatarFarLimit: 40
  AvatarNearLimit: 40
  AvatarVolumetricRadiusLimit: 40
  AvatarForceSpatial: 0
  AvatarAllowCustomCurve: 1
  global: 0
  region: {fileID: 65348876007712174}
  regionPriority: 1
--- !u!114 &114708451430900926
MonoBehaviour:
  m_ObjectHideFlags: 1
  m_PrefabParentObject: {fileID: 0}
  m_PrefabInternal: {fileID: 100100000}
  m_GameObject: {fileID: 1539761873304052}
  m_Enabled: 1
  m_EditorHideFlags: 0
  m_Script: {fileID: 762633, guid: f78c4655b33cb5741983dc02e08899cf, type: 3}
  m_Name: 
  m_EditorClassIdentifier: 
  SynchronizePhysics: 1
  AllowCollisionTransfer: 1
--- !u!114 &114755540707216764
MonoBehaviour:
  m_ObjectHideFlags: 1
  m_PrefabParentObject: {fileID: 0}
  m_PrefabInternal: {fileID: 100100000}
  m_GameObject: {fileID: 1341904823428572}
  m_Enabled: 1
  m_EditorHideFlags: 0
  m_Script: {fileID: -339397700, guid: f78c4655b33cb5741983dc02e08899cf, type: 3}
  m_Name: 
  m_EditorClassIdentifier: 
  Events: []
--- !u!114 &114780049006955716
MonoBehaviour:
  m_ObjectHideFlags: 1
  m_PrefabParentObject: {fileID: 0}
  m_PrefabInternal: {fileID: 100100000}
  m_GameObject: {fileID: 1341904823428572}
  m_Enabled: 1
  m_EditorHideFlags: 0
  m_Script: {fileID: 1226607430, guid: f78c4655b33cb5741983dc02e08899cf, type: 3}
  m_Name: 
  m_EditorClassIdentifier: 
  label: "Owner \u306E\u6642\u306B\u306E\u307F\u6709\u52B9\u306B\u306A\u308B"
--- !u!114 &114792686289067992
MonoBehaviour:
  m_ObjectHideFlags: 1
  m_PrefabParentObject: {fileID: 0}
  m_PrefabInternal: {fileID: 100100000}
  m_GameObject: {fileID: 1928780606718614}
  m_Enabled: 1
  m_EditorHideFlags: 0
  m_Script: {fileID: 1579128511, guid: f78c4655b33cb5741983dc02e08899cf, type: 3}
  m_Name: 
  m_EditorClassIdentifier: 
  interactTextPlacement: {fileID: 0}
  interactText: Use
  interactTextGO: {fileID: 0}
  proximity: 2
  isHidden: 0
  UsesAdvancedOptions: 1
  ShowHelp: 1
  TakesOwnershipIfNecessary: 0
  Triggers:
  - TriggerType: 0
    BroadcastType: 4
    Events:
    - Name: 
      EventType: 2
      ParameterString: IsPetrify
      ParameterBoolOp: 1
      ParameterBool: 0
      ParameterFloat: 0
      ParameterInt: 0
      ParameterObject: {fileID: 0}
      ParameterObjects: []
      ParameterBytes: 
      TakeOwnershipOfTarget: 0
    Name: StartPetrify
    Others: []
    Key: 0
    TriggerIndividuals: 1
    Layers:
      serializedVersion: 2
      m_Bits: 1
    Repeat: 0
    LowPeriodTime: 0
    HighPeriodTime: 0
    ResetOnEnable: 0
    EventFired: 0
    Duration: 0
    Timer: 0
    DataElementIdx: 0
    DataStorageShadowValues:
    - ParameterString: 
      ParameterBoolOp: 
      ParameterFloat: 
      ParameterInt: 
    AfterSeconds: 0
    ProbabilityLock: 
    Probabilities: []
    MidiChannel: 0
    MidiNote: 0
    OscAddr: 
  - TriggerType: 0
    BroadcastType: 4
    Events:
    - Name: 
      EventType: 2
      ParameterString: IsPetrify
      ParameterBoolOp: 0
      ParameterBool: 0
      ParameterFloat: 0
      ParameterInt: 0
      ParameterObject: {fileID: 0}
      ParameterObjects: []
      ParameterBytes: 
      TakeOwnershipOfTarget: 0
    - Name: 
      EventType: 10
      ParameterString: 
      ParameterBoolOp: 0
      ParameterBool: 0
      ParameterFloat: 0
      ParameterInt: 0
      ParameterObject: {fileID: 0}
      ParameterObjects: []
      ParameterBytes: 
      TakeOwnershipOfTarget: 0
    Name: Reset
    Others: []
    Key: 0
    TriggerIndividuals: 1
    Layers:
      serializedVersion: 2
      m_Bits: 1
    Repeat: 0
    LowPeriodTime: 0
    HighPeriodTime: 0
    ResetOnEnable: 0
    EventFired: 0
    Duration: 0
    Timer: 0
    DataElementIdx: 0
    DataStorageShadowValues:
    - ParameterString: 
      ParameterBoolOp: 
      ParameterFloat: 
      ParameterInt: 
    - ParameterString: 
      ParameterBoolOp: 
      ParameterFloat: 
      ParameterInt: 
    AfterSeconds: 0
    ProbabilityLock: 
    Probabilities: []
    MidiChannel: 0
    MidiNote: 0
    OscAddr: 
--- !u!114 &114816730409892516
MonoBehaviour:
  m_ObjectHideFlags: 1
  m_PrefabParentObject: {fileID: 0}
  m_PrefabInternal: {fileID: 100100000}
  m_GameObject: {fileID: 1172190238928964}
  m_Enabled: 1
  m_EditorHideFlags: 0
  m_Script: {fileID: -339397700, guid: f78c4655b33cb5741983dc02e08899cf, type: 3}
  m_Name: 
  m_EditorClassIdentifier: 
  Events: []
--- !u!114 &114828671924797334
MonoBehaviour:
  m_ObjectHideFlags: 1
  m_PrefabParentObject: {fileID: 0}
  m_PrefabInternal: {fileID: 100100000}
  m_GameObject: {fileID: 1109724979014356}
  m_Enabled: 1
  m_EditorHideFlags: 0
  m_Script: {fileID: 1579128511, guid: f78c4655b33cb5741983dc02e08899cf, type: 3}
  m_Name: 
  m_EditorClassIdentifier: 
  interactTextPlacement: {fileID: 0}
  interactText: Reset
  interactTextGO: {fileID: 0}
  proximity: 2
  isHidden: 0
  UsesAdvancedOptions: 1
  ShowHelp: 1
  TakesOwnershipIfNecessary: 0
  Triggers:
  - TriggerType: 0
    BroadcastType: 4
    Events:
    - Name: 
      EventType: 15
      ParameterString: Reset
      ParameterBoolOp: 0
      ParameterBool: 0
      ParameterFloat: 0
      ParameterInt: 0
      ParameterObject: {fileID: 0}
      ParameterObjects:
      - {fileID: 1539761873304052}
      ParameterBytes: 
      TakeOwnershipOfTarget: 0
    - Name: 
      EventType: 15
      ParameterString: Disable
      ParameterBoolOp: 0
      ParameterBool: 0
      ParameterFloat: 0
      ParameterInt: 0
      ParameterObject: {fileID: 0}
      ParameterObjects:
      - {fileID: 1646780687455062}
      ParameterBytes: 
      TakeOwnershipOfTarget: 0
    Name: Reset
    Others: []
    Key: 0
    TriggerIndividuals: 0
    Layers:
      serializedVersion: 2
      m_Bits: 0
    Repeat: 0
    LowPeriodTime: 0
    HighPeriodTime: 0
    ResetOnEnable: 0
    EventFired: 0
    Duration: 0
    Timer: 0
    DataElementIdx: 0
    DataStorageShadowValues:
    - ParameterString: 
      ParameterBoolOp: 
      ParameterFloat: 
      ParameterInt: 
    - ParameterString: 
      ParameterBoolOp: 
      ParameterFloat: 
      ParameterInt: 
    AfterSeconds: 0
    ProbabilityLock: 
    Probabilities: []
    MidiChannel: 0
    MidiNote: 0
    OscAddr: 
  - TriggerType: 0
    BroadcastType: 5
    Events:
    - Name: 
      EventType: 14
      ParameterString: Respawn
      ParameterBoolOp: 0
      ParameterBool: 0
      ParameterFloat: 0
      ParameterInt: 0
      ParameterObject: {fileID: 0}
      ParameterObjects:
      - {fileID: 1539761873304052}
      ParameterBytes: 
      TakeOwnershipOfTarget: 0
    Name: MasterReset
    Others: []
    Key: 0
    TriggerIndividuals: 1
    Layers:
      serializedVersion: 2
      m_Bits: 1
    Repeat: 0
    LowPeriodTime: 0
    HighPeriodTime: 0
    ResetOnEnable: 0
    EventFired: 0
    Duration: 0
    Timer: 0
    DataElementIdx: 0
    DataStorageShadowValues:
    - ParameterString: 
      ParameterBoolOp: 
      ParameterFloat: 
      ParameterInt: 
    AfterSeconds: 0
    ProbabilityLock: 
    Probabilities: []
    MidiChannel: 0
    MidiNote: 0
    OscAddr: 
--- !u!114 &114866533259432980
MonoBehaviour:
  m_ObjectHideFlags: 1
  m_PrefabParentObject: {fileID: 0}
  m_PrefabInternal: {fileID: 100100000}
  m_GameObject: {fileID: 1646780687455062}
  m_Enabled: 1
  m_EditorHideFlags: 0
  m_Script: {fileID: -339397700, guid: f78c4655b33cb5741983dc02e08899cf, type: 3}
  m_Name: 
  m_EditorClassIdentifier: 
  Events: []
--- !u!124 &124010707814164298
Behaviour:
  m_ObjectHideFlags: 1
  m_PrefabParentObject: {fileID: 0}
  m_PrefabInternal: {fileID: 100100000}
  m_GameObject: {fileID: 1930097133223114}
  m_Enabled: 0
--- !u!124 &124011543344899122
Behaviour:
  m_ObjectHideFlags: 1
  m_PrefabParentObject: {fileID: 0}
  m_PrefabInternal: {fileID: 100100000}
  m_GameObject: {fileID: 1844271850893768}
  m_Enabled: 0
--- !u!124 &124012810006707578
Behaviour:
  m_ObjectHideFlags: 1
  m_PrefabParentObject: {fileID: 0}
  m_PrefabInternal: {fileID: 100100000}
  m_GameObject: {fileID: 1021652227798116}
  m_Enabled: 0
--- !u!124 &124196036422984172
Behaviour:
  m_ObjectHideFlags: 1
  m_PrefabParentObject: {fileID: 0}
  m_PrefabInternal: {fileID: 100100000}
  m_GameObject: {fileID: 1419806634033916}
  m_Enabled: 0
--- !u!124 &124210900870198720
Behaviour:
  m_ObjectHideFlags: 1
  m_PrefabParentObject: {fileID: 0}
  m_PrefabInternal: {fileID: 100100000}
  m_GameObject: {fileID: 1458008518965688}
  m_Enabled: 0
--- !u!124 &124432787591500540
Behaviour:
  m_ObjectHideFlags: 1
  m_PrefabParentObject: {fileID: 0}
  m_PrefabInternal: {fileID: 100100000}
  m_GameObject: {fileID: 1441397617862390}
  m_Enabled: 0
--- !u!124 &124601798332062148
Behaviour:
  m_ObjectHideFlags: 1
  m_PrefabParentObject: {fileID: 0}
  m_PrefabInternal: {fileID: 100100000}
  m_GameObject: {fileID: 1155362715930450}
  m_Enabled: 0
--- !u!124 &124669261568270152
Behaviour:
  m_ObjectHideFlags: 1
  m_PrefabParentObject: {fileID: 0}
  m_PrefabInternal: {fileID: 100100000}
  m_GameObject: {fileID: 1542436910497584}
  m_Enabled: 0
--- !u!124 &124725847268173010
Behaviour:
  m_ObjectHideFlags: 1
  m_PrefabParentObject: {fileID: 0}
  m_PrefabInternal: {fileID: 100100000}
  m_GameObject: {fileID: 1276453002039868}
  m_Enabled: 0
--- !u!124 &124789544347292788
Behaviour:
  m_ObjectHideFlags: 1
  m_PrefabParentObject: {fileID: 0}
  m_PrefabInternal: {fileID: 100100000}
  m_GameObject: {fileID: 1503934251037676}
  m_Enabled: 0
--- !u!124 &124929256570404518
Behaviour:
  m_ObjectHideFlags: 1
  m_PrefabParentObject: {fileID: 0}
  m_PrefabInternal: {fileID: 100100000}
  m_GameObject: {fileID: 1382602663636220}
  m_Enabled: 0
--- !u!124 &124962475372293406
Behaviour:
  m_ObjectHideFlags: 1
  m_PrefabParentObject: {fileID: 0}
  m_PrefabInternal: {fileID: 100100000}
  m_GameObject: {fileID: 1667230005245918}
  m_Enabled: 0
