%YAML 1.1
%TAG !u! tag:unity3d.com,2011:
--- !u!1001 &100100000
Prefab:
  m_ObjectHideFlags: 1
  serializedVersion: 2
  m_Modification:
    m_TransformParent: {fileID: 0}
    m_Modifications: []
    m_RemovedComponents: []
  m_ParentPrefab: {fileID: 0}
  m_RootGameObject: {fileID: 1126671213882772}
  m_IsPrefabParent: 1
--- !u!1 &1022125575101714
GameObject:
  m_ObjectHideFlags: 0
  m_PrefabParentObject: {fileID: 0}
  m_PrefabInternal: {fileID: 100100000}
  serializedVersion: 5
  m_Component:
  - component: {fileID: 4096376291044702}
  - component: {fileID: 33088826924642834}
  - component: {fileID: 65539796159351758}
  - component: {fileID: 23357923558579614}
  - component: {fileID: 114684096309404490}
  - component: {fileID: 114692127506826278}
  m_Layer: 0
  m_Name: PlayNext
  m_TagString: Untagged
  m_Icon: {fileID: 0}
  m_NavMeshLayer: 0
  m_StaticEditorFlags: 4294967295
  m_IsActive: 1
--- !u!1 &1126671213882772
GameObject:
  m_ObjectHideFlags: 0
  m_PrefabParentObject: {fileID: 0}
  m_PrefabInternal: {fileID: 100100000}
  serializedVersion: 5
  m_Component:
  - component: {fileID: 4863798173360274}
  m_Layer: 0
  m_Name: BGMSwitch
  m_TagString: Untagged
  m_Icon: {fileID: 0}
  m_NavMeshLayer: 0
  m_StaticEditorFlags: 4294967295
  m_IsActive: 1
--- !u!1 &1230025944009796
GameObject:
  m_ObjectHideFlags: 0
  m_PrefabParentObject: {fileID: 0}
  m_PrefabInternal: {fileID: 100100000}
  serializedVersion: 5
  m_Component:
  - component: {fileID: 4947007239721732}
  - component: {fileID: 33498943205840290}
  - component: {fileID: 65189803971210502}
  - component: {fileID: 23864734440272496}
  - component: {fileID: 114368445482668372}
  - component: {fileID: 114828223807292872}
  m_Layer: 0
  m_Name: Play
  m_TagString: Untagged
  m_Icon: {fileID: 0}
  m_NavMeshLayer: 0
  m_StaticEditorFlags: 4294967295
  m_IsActive: 1
--- !u!1 &1976796818315784
GameObject:
  m_ObjectHideFlags: 0
  m_PrefabParentObject: {fileID: 0}
  m_PrefabInternal: {fileID: 100100000}
  serializedVersion: 5
  m_Component:
  - component: {fileID: 4041602086663734}
  - component: {fileID: 33931461835616084}
  - component: {fileID: 65526688793228954}
  - component: {fileID: 23379483479957378}
  - component: {fileID: 114863900339587398}
  - component: {fileID: 114930805561471170}
  m_Layer: 0
  m_Name: Stop
  m_TagString: Untagged
  m_Icon: {fileID: 0}
  m_NavMeshLayer: 0
  m_StaticEditorFlags: 4294967295
  m_IsActive: 1
--- !u!4 &4041602086663734
Transform:
  m_ObjectHideFlags: 1
  m_PrefabParentObject: {fileID: 0}
  m_PrefabInternal: {fileID: 100100000}
  m_GameObject: {fileID: 1976796818315784}
  m_LocalRotation: {x: -0, y: -0, z: -0, w: 1}
  m_LocalPosition: {x: 1.0003, y: 1.25, z: 31.992}
  m_LocalScale: {x: 0.2285147, y: 0.2285147, z: 0.02542607}
  m_Children: []
  m_Father: {fileID: 4863798173360274}
  m_RootOrder: 2
  m_LocalEulerAnglesHint: {x: 0, y: 0, z: 0}
--- !u!4 &4096376291044702
Transform:
  m_ObjectHideFlags: 1
  m_PrefabParentObject: {fileID: 0}
  m_PrefabInternal: {fileID: 100100000}
  m_GameObject: {fileID: 1022125575101714}
  m_LocalRotation: {x: -0, y: -0, z: -0, w: 1}
  m_LocalPosition: {x: 0.69566, y: 1.25, z: 31.992}
  m_LocalScale: {x: 0.2285147, y: 0.2285147, z: 0.02542607}
  m_Children: []
  m_Father: {fileID: 4863798173360274}
  m_RootOrder: 1
  m_LocalEulerAnglesHint: {x: 0, y: 0, z: 0}
--- !u!4 &4863798173360274
Transform:
  m_ObjectHideFlags: 1
  m_PrefabParentObject: {fileID: 0}
  m_PrefabInternal: {fileID: 100100000}
  m_GameObject: {fileID: 1126671213882772}
  m_LocalRotation: {x: -0, y: 0.7071068, z: -0, w: -0.7071068}
  m_LocalPosition: {x: 29.991, y: 0.072, z: -4.74}
  m_LocalScale: {x: 1, y: 1, z: 1}
  m_Children:
  - {fileID: 4947007239721732}
  - {fileID: 4096376291044702}
  - {fileID: 4041602086663734}
  m_Father: {fileID: 0}
  m_RootOrder: 0
  m_LocalEulerAnglesHint: {x: 0, y: 270, z: 0}
--- !u!4 &4947007239721732
Transform:
  m_ObjectHideFlags: 1
  m_PrefabParentObject: {fileID: 0}
  m_PrefabInternal: {fileID: 100100000}
  m_GameObject: {fileID: 1230025944009796}
  m_LocalRotation: {x: -0, y: -0, z: -0, w: 1}
  m_LocalPosition: {x: 0.39097, y: 1.25, z: 31.992}
  m_LocalScale: {x: 0.22851472, y: 0.22851472, z: 0.025424184}
  m_Children: []
  m_Father: {fileID: 4863798173360274}
  m_RootOrder: 0
  m_LocalEulerAnglesHint: {x: 0, y: 0, z: 0}
--- !u!23 &23357923558579614
MeshRenderer:
  m_ObjectHideFlags: 1
  m_PrefabParentObject: {fileID: 0}
  m_PrefabInternal: {fileID: 100100000}
  m_GameObject: {fileID: 1022125575101714}
  m_Enabled: 1
  m_CastShadows: 1
  m_ReceiveShadows: 1
  m_DynamicOccludee: 1
  m_MotionVectors: 1
  m_LightProbeUsage: 1
  m_ReflectionProbeUsage: 1
  m_Materials:
  - {fileID: 10303, guid: 0000000000000000f000000000000000, type: 0}
  m_StaticBatchInfo:
    firstSubMesh: 0
    subMeshCount: 0
  m_StaticBatchRoot: {fileID: 0}
  m_ProbeAnchor: {fileID: 0}
  m_LightProbeVolumeOverride: {fileID: 0}
  m_ScaleInLightmap: 1
  m_PreserveUVs: 1
  m_IgnoreNormalsForChartDetection: 0
  m_ImportantGI: 0
  m_StitchLightmapSeams: 0
  m_SelectedEditorRenderState: 3
  m_MinimumChartSize: 4
  m_AutoUVMaxDistance: 0.5
  m_AutoUVMaxAngle: 89
  m_LightmapParameters: {fileID: 0}
  m_SortingLayerID: 0
  m_SortingLayer: 0
  m_SortingOrder: 0
--- !u!23 &23379483479957378
MeshRenderer:
  m_ObjectHideFlags: 1
  m_PrefabParentObject: {fileID: 0}
  m_PrefabInternal: {fileID: 100100000}
  m_GameObject: {fileID: 1976796818315784}
  m_Enabled: 1
  m_CastShadows: 1
  m_ReceiveShadows: 1
  m_DynamicOccludee: 1
  m_MotionVectors: 1
  m_LightProbeUsage: 1
  m_ReflectionProbeUsage: 1
  m_Materials:
  - {fileID: 10303, guid: 0000000000000000f000000000000000, type: 0}
  m_StaticBatchInfo:
    firstSubMesh: 0
    subMeshCount: 0
  m_StaticBatchRoot: {fileID: 0}
  m_ProbeAnchor: {fileID: 0}
  m_LightProbeVolumeOverride: {fileID: 0}
  m_ScaleInLightmap: 1
  m_PreserveUVs: 1
  m_IgnoreNormalsForChartDetection: 0
  m_ImportantGI: 0
  m_StitchLightmapSeams: 0
  m_SelectedEditorRenderState: 3
  m_MinimumChartSize: 4
  m_AutoUVMaxDistance: 0.5
  m_AutoUVMaxAngle: 89
  m_LightmapParameters: {fileID: 0}
  m_SortingLayerID: 0
  m_SortingLayer: 0
  m_SortingOrder: 0
--- !u!23 &23864734440272496
MeshRenderer:
  m_ObjectHideFlags: 1
  m_PrefabParentObject: {fileID: 0}
  m_PrefabInternal: {fileID: 100100000}
  m_GameObject: {fileID: 1230025944009796}
  m_Enabled: 1
  m_CastShadows: 1
  m_ReceiveShadows: 1
  m_DynamicOccludee: 1
  m_MotionVectors: 1
  m_LightProbeUsage: 1
  m_ReflectionProbeUsage: 1
  m_Materials:
  - {fileID: 10303, guid: 0000000000000000f000000000000000, type: 0}
  m_StaticBatchInfo:
    firstSubMesh: 0
    subMeshCount: 0
  m_StaticBatchRoot: {fileID: 0}
  m_ProbeAnchor: {fileID: 0}
  m_LightProbeVolumeOverride: {fileID: 0}
  m_ScaleInLightmap: 1
  m_PreserveUVs: 1
  m_IgnoreNormalsForChartDetection: 0
  m_ImportantGI: 0
  m_StitchLightmapSeams: 0
  m_SelectedEditorRenderState: 3
  m_MinimumChartSize: 4
  m_AutoUVMaxDistance: 0.5
  m_AutoUVMaxAngle: 89
  m_LightmapParameters: {fileID: 0}
  m_SortingLayerID: 0
  m_SortingLayer: 0
  m_SortingOrder: 0
--- !u!33 &33088826924642834
MeshFilter:
  m_ObjectHideFlags: 1
  m_PrefabParentObject: {fileID: 0}
  m_PrefabInternal: {fileID: 100100000}
  m_GameObject: {fileID: 1022125575101714}
  m_Mesh: {fileID: 10202, guid: 0000000000000000e000000000000000, type: 0}
--- !u!33 &33498943205840290
MeshFilter:
  m_ObjectHideFlags: 1
  m_PrefabParentObject: {fileID: 0}
  m_PrefabInternal: {fileID: 100100000}
  m_GameObject: {fileID: 1230025944009796}
  m_Mesh: {fileID: 10202, guid: 0000000000000000e000000000000000, type: 0}
--- !u!33 &33931461835616084
MeshFilter:
  m_ObjectHideFlags: 1
  m_PrefabParentObject: {fileID: 0}
  m_PrefabInternal: {fileID: 100100000}
  m_GameObject: {fileID: 1976796818315784}
  m_Mesh: {fileID: 10202, guid: 0000000000000000e000000000000000, type: 0}
--- !u!65 &65189803971210502
BoxCollider:
  m_ObjectHideFlags: 1
  m_PrefabParentObject: {fileID: 0}
  m_PrefabInternal: {fileID: 100100000}
  m_GameObject: {fileID: 1230025944009796}
  m_Material: {fileID: 0}
  m_IsTrigger: 0
  m_Enabled: 1
  serializedVersion: 2
  m_Size: {x: 1, y: 1, z: 1}
  m_Center: {x: 0, y: 0, z: 0}
--- !u!65 &65526688793228954
BoxCollider:
  m_ObjectHideFlags: 1
  m_PrefabParentObject: {fileID: 0}
  m_PrefabInternal: {fileID: 100100000}
  m_GameObject: {fileID: 1976796818315784}
  m_Material: {fileID: 0}
  m_IsTrigger: 0
  m_Enabled: 1
  serializedVersion: 2
  m_Size: {x: 1, y: 1, z: 1}
  m_Center: {x: 0, y: 0, z: 0}
--- !u!65 &65539796159351758
BoxCollider:
  m_ObjectHideFlags: 1
  m_PrefabParentObject: {fileID: 0}
  m_PrefabInternal: {fileID: 100100000}
  m_GameObject: {fileID: 1022125575101714}
  m_Material: {fileID: 0}
  m_IsTrigger: 0
  m_Enabled: 1
  serializedVersion: 2
  m_Size: {x: 1, y: 1, z: 1}
  m_Center: {x: 0, y: 0, z: 0}
--- !u!114 &114368445482668372
MonoBehaviour:
  m_ObjectHideFlags: 1
  m_PrefabParentObject: {fileID: 0}
  m_PrefabInternal: {fileID: 100100000}
  m_GameObject: {fileID: 1230025944009796}
  m_Enabled: 1
  m_EditorHideFlags: 0
  m_Script: {fileID: -339397700, guid: f78c4655b33cb5741983dc02e08899cf, type: 3}
  m_Name: 
  m_EditorClassIdentifier: 
  Events: []
--- !u!114 &114684096309404490
MonoBehaviour:
  m_ObjectHideFlags: 1
  m_PrefabParentObject: {fileID: 0}
  m_PrefabInternal: {fileID: 100100000}
  m_GameObject: {fileID: 1022125575101714}
  m_Enabled: 1
  m_EditorHideFlags: 0
  m_Script: {fileID: -339397700, guid: f78c4655b33cb5741983dc02e08899cf, type: 3}
  m_Name: 
  m_EditorClassIdentifier: 
  Events: []
--- !u!114 &114692127506826278
MonoBehaviour:
  m_ObjectHideFlags: 1
  m_PrefabParentObject: {fileID: 0}
  m_PrefabInternal: {fileID: 100100000}
  m_GameObject: {fileID: 1022125575101714}
  m_Enabled: 1
  m_EditorHideFlags: 0
  m_Script: {fileID: 1579128511, guid: f78c4655b33cb5741983dc02e08899cf, type: 3}
  m_Name: 
  m_EditorClassIdentifier: 
  interactTextPlacement: {fileID: 0}
  interactText: BGM PLAY NEXT
  interactTextGO: {fileID: 0}
  proximity: 2
  isHidden: 0
  UsesAdvancedOptions: 1
  ShowHelp: 1
  TakesOwnershipIfNecessary: 0
  Triggers:
  - TriggerType: 17
    BroadcastType: 7
    Events:
    - Name: PlayNext
      EventType: 14
      ParameterString: PlayNext
      ParameterBoolOp: 0
      ParameterBool: 0
      ParameterFloat: 0
      ParameterInt: 7
      ParameterObject: {fileID: 0}
      ParameterObjects:
      - {fileID: 0}
      ParameterBytes: 
      TakeOwnershipOfTarget: 0
    Name: Unnamed
    Others: []
    Key: 0
    TriggerIndividuals: 0
    Layers:
      serializedVersion: 2
      m_Bits: 0
    Repeat: 0
    LowPeriodTime: 0
    HighPeriodTime: 0
    ResetOnEnable: 0
    EventFired: 0
    Duration: 0
    Timer: 0
    DataElementIdx: 0
    DataStorageShadowValues:
    - ParameterString: 
      ParameterBoolOp: 
      ParameterFloat: 
      ParameterInt: 
    AfterSeconds: 0
    ProbabilityLock: 
    Probabilities: []
    MidiChannel: 0
    MidiNote: 0
    OscAddr: 
--- !u!114 &114828223807292872
MonoBehaviour:
  m_ObjectHideFlags: 1
  m_PrefabParentObject: {fileID: 0}
  m_PrefabInternal: {fileID: 100100000}
  m_GameObject: {fileID: 1230025944009796}
  m_Enabled: 1
  m_EditorHideFlags: 0
  m_Script: {fileID: 1579128511, guid: f78c4655b33cb5741983dc02e08899cf, type: 3}
  m_Name: 
  m_EditorClassIdentifier: 
  interactTextPlacement: {fileID: 0}
  interactText: BGM PLAY
  interactTextGO: {fileID: 0}
  proximity: 2
  isHidden: 0
  UsesAdvancedOptions: 1
  ShowHelp: 1
  TakesOwnershipIfNecessary: 0
  Triggers:
  - TriggerType: 17
    BroadcastType: 7
    Events:
    - Name: PlayNext
      EventType: 14
      ParameterString: Play
      ParameterBoolOp: 0
      ParameterBool: 0
      ParameterFloat: 0
      ParameterInt: 7
      ParameterObject: {fileID: 0}
      ParameterObjects:
      - {fileID: 0}
      ParameterBytes: 0001000000ffffffff01000000000000001001000000010000000808000000000b
      TakeOwnershipOfTarget: 0
    Name: Unnamed
    Others: []
    Key: 0
    TriggerIndividuals: 0
    Layers:
      serializedVersion: 2
      m_Bits: 0
    Repeat: 0
    LowPeriodTime: 0
    HighPeriodTime: 0
    ResetOnEnable: 0
    EventFired: 0
    Duration: 0
    Timer: 0
    DataElementIdx: 0
    DataStorageShadowValues:
    - ParameterString: 
      ParameterBoolOp: 
      ParameterFloat: 
      ParameterInt: 
    AfterSeconds: 0
    ProbabilityLock: 
    Probabilities: []
    MidiChannel: 0
    MidiNote: 0
    OscAddr: 
--- !u!114 &114863900339587398
MonoBehaviour:
  m_ObjectHideFlags: 1
  m_PrefabParentObject: {fileID: 0}
  m_PrefabInternal: {fileID: 100100000}
  m_GameObject: {fileID: 1976796818315784}
  m_Enabled: 1
  m_EditorHideFlags: 0
  m_Script: {fileID: -339397700, guid: f78c4655b33cb5741983dc02e08899cf, type: 3}
  m_Name: 
  m_EditorClassIdentifier: 
  Events: []
--- !u!114 &114930805561471170
MonoBehaviour:
  m_ObjectHideFlags: 1
  m_PrefabParentObject: {fileID: 0}
  m_PrefabInternal: {fileID: 100100000}
  m_GameObject: {fileID: 1976796818315784}
  m_Enabled: 1
  m_EditorHideFlags: 0
  m_Script: {fileID: 1579128511, guid: f78c4655b33cb5741983dc02e08899cf, type: 3}
  m_Name: 
  m_EditorClassIdentifier: 
  interactTextPlacement: {fileID: 0}
  interactText: BGM STOP
  interactTextGO: {fileID: 0}
  proximity: 2
  isHidden: 0
  UsesAdvancedOptions: 1
  ShowHelp: 1
  TakesOwnershipIfNecessary: 0
  Triggers:
  - TriggerType: 17
    BroadcastType: 7
    Events:
    - Name: PlayNext
      EventType: 14
      ParameterString: Stop
      ParameterBoolOp: 0
      ParameterBool: 0
      ParameterFloat: 0
      ParameterInt: 7
      ParameterObject: {fileID: 0}
      ParameterObjects:
      - {fileID: 0}
      ParameterBytes: 
      TakeOwnershipOfTarget: 0
    Name: Unnamed
    Others: []
    Key: 0
    TriggerIndividuals: 0
    Layers:
      serializedVersion: 2
      m_Bits: 0
    Repeat: 0
    LowPeriodTime: 0
    HighPeriodTime: 0
    ResetOnEnable: 0
    EventFired: 0
    Duration: 0
    Timer: 0
    DataElementIdx: 0
    DataStorageShadowValues:
    - ParameterString: 
      ParameterBoolOp: 
      ParameterFloat: 
      ParameterInt: 
    AfterSeconds: 0
    ProbabilityLock: 
    Probabilities: []
    MidiChannel: 0
    MidiNote: 0
    OscAddr: 
