%YAML 1.1
%TAG !u! tag:unity3d.com,2011:
--- !u!1001 &100100000
Prefab:
  m_ObjectHideFlags: 1
  serializedVersion: 2
  m_Modification:
    m_TransformParent: {fileID: 0}
    m_Modifications: []
    m_RemovedComponents: []
  m_ParentPrefab: {fileID: 0}
  m_RootGameObject: {fileID: 1578574714486522}
  m_IsPrefabParent: 1
--- !u!1 &1578574714486522
GameObject:
  m_ObjectHideFlags: 0
  m_PrefabParentObject: {fileID: 0}
  m_PrefabInternal: {fileID: 100100000}
  serializedVersion: 5
  m_Component:
  - component: {fileID: 4929192286093602}
  - component: {fileID: 95996079366559790}
  - component: {fileID: 114712621792674310}
  - component: {fileID: 114843148798283302}
  - component: {fileID: 114981113866997078}
  m_Layer: 0
  m_Name: AllVR
  m_TagString: Untagged
  m_Icon: {fileID: 0}
  m_NavMeshLayer: 0
  m_StaticEditorFlags: 0
  m_IsActive: 1
--- !u!4 &4929192286093602
Transform:
  m_ObjectHideFlags: 1
  m_PrefabParentObject: {fileID: 0}
  m_PrefabInternal: {fileID: 100100000}
  m_GameObject: {fileID: 1578574714486522}
  m_LocalRotation: {x: -0, y: -0, z: -0, w: 1}
  m_LocalPosition: {x: 0, y: 0, z: 0}
  m_LocalScale: {x: 1, y: 1, z: 1}
  m_Children: []
  m_Father: {fileID: 0}
  m_RootOrder: 0
  m_LocalEulerAnglesHint: {x: 0, y: 0, z: 0}
--- !u!95 &95996079366559790
Animator:
  serializedVersion: 3
  m_ObjectHideFlags: 1
  m_PrefabParentObject: {fileID: 0}
  m_PrefabInternal: {fileID: 100100000}
  m_GameObject: {fileID: 1578574714486522}
  m_Enabled: 0
  m_Avatar: {fileID: 0}
  m_Controller: {fileID: 9100000, guid: 003c22378a3fa6e4bac0f2f727ab0429, type: 2}
  m_CullingMode: 0
  m_UpdateMode: 0
  m_ApplyRootMotion: 0
  m_LinearVelocityBlending: 0
  m_WarningMessage: 
  m_HasTransformHierarchy: 1
  m_AllowConstantClipSamplingOptimization: 1
--- !u!114 &114712621792674310
MonoBehaviour:
  m_ObjectHideFlags: 1
  m_PrefabParentObject: {fileID: 0}
  m_PrefabInternal: {fileID: 100100000}
  m_GameObject: {fileID: 1578574714486522}
  m_Enabled: 1
  m_EditorHideFlags: 0
  m_Script: {fileID: 1392445389, guid: f70555f144d8491a825f0804e09c671c, type: 3}
  m_Name: 
  m_EditorClassIdentifier: 
  m_Navigation:
    m_Mode: 0
    m_SelectOnUp: {fileID: 0}
    m_SelectOnDown: {fileID: 0}
    m_SelectOnLeft: {fileID: 0}
    m_SelectOnRight: {fileID: 0}
  m_Transition: 0
  m_Colors:
    m_NormalColor: {r: 1, g: 1, b: 1, a: 1}
    m_HighlightedColor: {r: 0.9607843, g: 0.9607843, b: 0.9607843, a: 1}
    m_PressedColor: {r: 0.78431374, g: 0.78431374, b: 0.78431374, a: 1}
    m_DisabledColor: {r: 0.78431374, g: 0.78431374, b: 0.78431374, a: 0.5019608}
    m_ColorMultiplier: 1
    m_FadeDuration: 0.1
  m_SpriteState:
    m_HighlightedSprite: {fileID: 0}
    m_PressedSprite: {fileID: 0}
    m_DisabledSprite: {fileID: 0}
  m_AnimationTriggers:
    m_NormalTrigger: Normal
    m_HighlightedTrigger: Highlighted
    m_PressedTrigger: Pressed
    m_DisabledTrigger: Disabled
  m_Interactable: 1
  m_TargetGraphic: {fileID: 0}
  m_OnClick:
    m_PersistentCalls:
      m_Calls:
      - m_Target: {fileID: 95996079366559790}
        m_MethodName: Rebind
        m_Mode: 1
        m_Arguments:
          m_ObjectArgument: {fileID: 0}
          m_ObjectArgumentAssemblyTypeName: UnityEngine.Object, UnityEngine
          m_IntArgument: 0
          m_FloatArgument: 0
          m_StringArgument: 
          m_BoolArgument: 0
        m_CallState: 2
      - m_Target: {fileID: 95996079366559790}
        m_MethodName: set_enabled
        m_Mode: 6
        m_Arguments:
          m_ObjectArgument: {fileID: 0}
          m_ObjectArgumentAssemblyTypeName: UnityEngine.Object, UnityEngine
          m_IntArgument: 0
          m_FloatArgument: 0
          m_StringArgument: 
          m_BoolArgument: 0
        m_CallState: 2
      - m_Target: {fileID: 0}
        m_MethodName: 
        m_Mode: 1
        m_Arguments:
          m_ObjectArgument: {fileID: 0}
          m_ObjectArgumentAssemblyTypeName: 
          m_IntArgument: 0
          m_FloatArgument: 0
          m_StringArgument: 
          m_BoolArgument: 0
        m_CallState: 2
    m_TypeName: UnityEngine.UI.Button+ButtonClickedEvent, UnityEngine.UI, Version=1.0.0.0,
      Culture=neutral, PublicKeyToken=null
--- !u!114 &114843148798283302
MonoBehaviour:
  m_ObjectHideFlags: 1
  m_PrefabParentObject: {fileID: 0}
  m_PrefabInternal: {fileID: 100100000}
  m_GameObject: {fileID: 1578574714486522}
  m_Enabled: 1
  m_EditorHideFlags: 0
  m_Script: {fileID: -339397700, guid: f78c4655b33cb5741983dc02e08899cf, type: 3}
  m_Name: 
  m_EditorClassIdentifier: 
  Events: []
--- !u!114 &114981113866997078
MonoBehaviour:
  m_ObjectHideFlags: 1
  m_PrefabParentObject: {fileID: 0}
  m_PrefabInternal: {fileID: 100100000}
  m_GameObject: {fileID: 1578574714486522}
  m_Enabled: 1
  m_EditorHideFlags: 0
  m_Script: {fileID: 1579128511, guid: f78c4655b33cb5741983dc02e08899cf, type: 3}
  m_Name: 
  m_EditorClassIdentifier: 
  interactTextPlacement: {fileID: 0}
  interactText: Use
  interactTextGO: {fileID: 0}
  proximity: 2
  isHidden: 0
  UsesAdvancedOptions: 1
  ShowHelp: 0
  TakesOwnershipIfNecessary: 0
  Triggers:
  - TriggerType: 13
    BroadcastType: 2
    Events:
    - Name: 
      EventType: 21
      ParameterString: UnityEngine.Animator
      ParameterBoolOp: 1
      ParameterBool: 0
      ParameterFloat: 0
      ParameterInt: 0
      ParameterObject: {fileID: 0}
      ParameterObjects:
      - {fileID: 1578574714486522}
      ParameterBytes: 
      TakeOwnershipOfTarget: 0
    Name: Unnamed
    Others: []
    Key: 330
    TriggerIndividuals: 0
    Layers:
      serializedVersion: 2
      m_Bits: 0
    Repeat: 0
    LowPeriodTime: 0
    HighPeriodTime: 0
    ResetOnEnable: 0
    EventFired: 0
    Duration: 0
    Timer: 0
    DataElementIdx: 0
    DataStorageShadowValues:
    - ParameterString: 
      ParameterBoolOp: 
      ParameterFloat: 
      ParameterInt: 
    AfterSeconds: 0
    ProbabilityLock: 
    Probabilities: []
    MidiChannel: 0
    MidiNote: 0
    OscAddr: 
  - TriggerType: 13
    BroadcastType: 2
    Events:
    - Name: 
      EventType: 21
      ParameterString: UnityEngine.Animator
      ParameterBoolOp: 1
      ParameterBool: 0
      ParameterFloat: 0
      ParameterInt: 0
      ParameterObject: {fileID: 0}
      ParameterObjects:
      - {fileID: 1578574714486522}
      ParameterBytes: 
      TakeOwnershipOfTarget: 0
    Name: Unnamed
    Others: []
    Key: 332
    TriggerIndividuals: 0
    Layers:
      serializedVersion: 2
      m_Bits: 0
    Repeat: 0
    LowPeriodTime: 0
    HighPeriodTime: 0
    ResetOnEnable: 0
    EventFired: 0
    Duration: 0
    Timer: 0
    DataElementIdx: 0
    DataStorageShadowValues:
    - ParameterString: 
      ParameterBoolOp: 
      ParameterFloat: 
      ParameterInt: 
    AfterSeconds: 0
    ProbabilityLock: 
    Probabilities: []
    MidiChannel: 0
    MidiNote: 0
    OscAddr: 
  - TriggerType: 13
    BroadcastType: 2
    Events:
    - Name: 
      EventType: 21
      ParameterString: UnityEngine.Animator
      ParameterBoolOp: 1
      ParameterBool: 0
      ParameterFloat: 0
      ParameterInt: 0
      ParameterObject: {fileID: 0}
      ParameterObjects:
      - {fileID: 1578574714486522}
      ParameterBytes: 
      TakeOwnershipOfTarget: 0
    Name: Unnamed
    Others: []
    Key: 331
    TriggerIndividuals: 0
    Layers:
      serializedVersion: 2
      m_Bits: 0
    Repeat: 0
    LowPeriodTime: 0
    HighPeriodTime: 0
    ResetOnEnable: 0
    EventFired: 0
    Duration: 0
    Timer: 0
    DataElementIdx: 0
    DataStorageShadowValues:
    - ParameterString: 
      ParameterBoolOp: 
      ParameterFloat: 
      ParameterInt: 
    AfterSeconds: 0
    ProbabilityLock: 
    Probabilities: []
    MidiChannel: 0
    MidiNote: 0
    OscAddr: 
  - TriggerType: 13
    BroadcastType: 2
    Events:
    - Name: 
      EventType: 21
      ParameterString: UnityEngine.Animator
      ParameterBoolOp: 1
      ParameterBool: 0
      ParameterFloat: 0
      ParameterInt: 0
      ParameterObject: {fileID: 0}
      ParameterObjects:
      - {fileID: 1578574714486522}
      ParameterBytes: 
      TakeOwnershipOfTarget: 0
    Name: Unnamed
    Others: []
    Key: 333
    TriggerIndividuals: 0
    Layers:
      serializedVersion: 2
      m_Bits: 0
    Repeat: 0
    LowPeriodTime: 0
    HighPeriodTime: 0
    ResetOnEnable: 0
    EventFired: 0
    Duration: 0
    Timer: 0
    DataElementIdx: 0
    DataStorageShadowValues:
    - ParameterString: 
      ParameterBoolOp: 
      ParameterFloat: 
      ParameterInt: 
    AfterSeconds: 0
    ProbabilityLock: 
    Probabilities: []
    MidiChannel: 0
    MidiNote: 0
    OscAddr: 
  - TriggerType: 13
    BroadcastType: 2
    Events:
    - Name: 
      EventType: 21
      ParameterString: UnityEngine.Animator
      ParameterBoolOp: 1
      ParameterBool: 0
      ParameterFloat: 0
      ParameterInt: 0
      ParameterObject: {fileID: 0}
      ParameterObjects:
      - {fileID: 1578574714486522}
      ParameterBytes: 
      TakeOwnershipOfTarget: 0
    Name: Unnamed
    Others: []
    Key: 338
    TriggerIndividuals: 0
    Layers:
      serializedVersion: 2
      m_Bits: 0
    Repeat: 0
    LowPeriodTime: 0
    HighPeriodTime: 0
    ResetOnEnable: 0
    EventFired: 0
    Duration: 0
    Timer: 0
    DataElementIdx: 0
    DataStorageShadowValues:
    - ParameterString: 
      ParameterBoolOp: 
      ParameterFloat: 
      ParameterInt: 
    AfterSeconds: 0
    ProbabilityLock: 
    Probabilities: []
    MidiChannel: 0
    MidiNote: 0
    OscAddr: 
  - TriggerType: 13
    BroadcastType: 2
    Events:
    - Name: 
      EventType: 21
      ParameterString: UnityEngine.Animator
      ParameterBoolOp: 1
      ParameterBool: 0
      ParameterFloat: 0
      ParameterInt: 0
      ParameterObject: {fileID: 0}
      ParameterObjects:
      - {fileID: 1578574714486522}
      ParameterBytes: 
      TakeOwnershipOfTarget: 0
    Name: Unnamed
    Others: []
    Key: 339
    TriggerIndividuals: 0
    Layers:
      serializedVersion: 2
      m_Bits: 0
    Repeat: 0
    LowPeriodTime: 0
    HighPeriodTime: 0
    ResetOnEnable: 0
    EventFired: 0
    Duration: 0
    Timer: 0
    DataElementIdx: 0
    DataStorageShadowValues:
    - ParameterString: 
      ParameterBoolOp: 
      ParameterFloat: 
      ParameterInt: 
    AfterSeconds: 0
    ProbabilityLock: 
    Probabilities: []
    MidiChannel: 0
    MidiNote: 0
    OscAddr: 
  - TriggerType: 13
    BroadcastType: 2
    Events:
    - Name: 
      EventType: 21
      ParameterString: UnityEngine.Animator
      ParameterBoolOp: 1
      ParameterBool: 0
      ParameterFloat: 0
      ParameterInt: 0
      ParameterObject: {fileID: 0}
      ParameterObjects:
      - {fileID: 1578574714486522}
      ParameterBytes: 
      TakeOwnershipOfTarget: 0
    Name: Unnamed
    Others: []
    Key: 346
    TriggerIndividuals: 0
    Layers:
      serializedVersion: 2
      m_Bits: 0
    Repeat: 0
    LowPeriodTime: 0
    HighPeriodTime: 0
    ResetOnEnable: 0
    EventFired: 0
    Duration: 0
    Timer: 0
    DataElementIdx: 0
    DataStorageShadowValues:
    - ParameterString: 
      ParameterBoolOp: 
      ParameterFloat: 
      ParameterInt: 
    AfterSeconds: 0
    ProbabilityLock: 
    Probabilities: []
    MidiChannel: 0
    MidiNote: 0
    OscAddr: 
  - TriggerType: 13
    BroadcastType: 2
    Events:
    - Name: 
      EventType: 21
      ParameterString: UnityEngine.Animator
      ParameterBoolOp: 1
      ParameterBool: 0
      ParameterFloat: 0
      ParameterInt: 0
      ParameterObject: {fileID: 0}
      ParameterObjects:
      - {fileID: 1578574714486522}
      ParameterBytes: 
      TakeOwnershipOfTarget: 0
    Name: Unnamed
    Others: []
    Key: 347
    TriggerIndividuals: 0
    Layers:
      serializedVersion: 2
      m_Bits: 0
    Repeat: 0
    LowPeriodTime: 0
    HighPeriodTime: 0
    ResetOnEnable: 0
    EventFired: 0
    Duration: 0
    Timer: 0
    DataElementIdx: 0
    DataStorageShadowValues:
    - ParameterString: 
      ParameterBoolOp: 
      ParameterFloat: 
      ParameterInt: 
    AfterSeconds: 0
    ProbabilityLock: 
    Probabilities: []
    MidiChannel: 0
    MidiNote: 0
    OscAddr: 
